timestamp,sequence,exchange_timestamp,bid_price_0,bid_size_0,ask_price_0,ask_size_0,bid_price_1,bid_size_1,ask_price_1,ask_size_1,bid_price_2,bid_size_2,ask_price_2,ask_size_2,bid_price_3,bid_size_3,ask_price_3,ask_size_3,bid_price_4,bid_size_4,ask_price_4,ask_size_4,bid_price_5,bid_size_5,ask_price_5,ask_size_5,bid_price_6,bid_size_6,ask_price_6,ask_size_6,bid_price_7,bid_size_7,ask_price_7,ask_size_7,bid_price_8,bid_size_8,ask_price_8,ask_size_8,bid_price_9,bid_size_9,ask_price_9,ask_size_9,bid_price_10,bid_size_10,ask_price_10,ask_size_10,bid_price_11,bid_size_11,ask_price_11,ask_size_11,bid_price_12,bid_size_12,ask_price_12,ask_size_12,bid_price_13,bid_size_13,ask_price_13,ask_size_13,bid_price_14,bid_size_14,ask_price_14,ask_size_14,bid_price_15,bid_size_15,ask_price_15,ask_size_15,bid_price_16,bid_size_16,ask_price_16,ask_size_16,bid_price_17,bid_size_17,ask_price_17,ask_size_17,bid_price_18,bid_size_18,ask_price_18,ask_size_18,bid_price_19,bid_size_19,ask_price_19,ask_size_19
1756904112.7983696,1756904112212,1756904112212,208.98,2345.14,208.99,455.28,208.96,763.0,209.0,821.12,208.95,592.02,209.01,1042.42,208.94,167.77,209.02,959.82,208.93,974.48,209.03,583.91,208.92,631.83,209.04,1433.99,208.91,748.97,209.05,1233.36,208.9,1394.01,209.06,2605.66,208.89,2106.3,209.07,2446.96,208.88,1677.36,209.08,1510.12,208.87,1586.47,209.09,1095.66,208.86,2148.28,209.1,1118.04,208.85,643.95,209.11,1355.03,208.84,1956.79,209.12,1172.37,208.83,1313.85,209.13,1483.87,208.82,2172.51,209.14,2303.93,208.81,2449.61,209.15,2562.35,208.8,3645.36,209.16,77.71,208.79,2036.63,209.17,804.25,208.78,1836.79,209.18,3547.85
1756904113.19153,1756904112569,1756904112569,208.98,1771.08,208.99,503.88,208.97,574.07,209.0,970.19,208.96,301.4,209.01,1276.55,208.95,17.85,209.02,845.21,208.94,519.12,209.03,924.95,208.93,925.3,209.04,1593.83,208.92,631.83,209.05,1233.36,208.91,748.97,209.06,2608.41,208.9,1968.3,209.07,1740.17,208.89,2135.01,209.08,1963.06,208.88,1677.36,209.09,3019.64,208.87,1586.47,209.1,1118.04,208.86,2130.93,209.11,781.26,208.85,643.95,209.12,1172.37,208.84,1956.79,209.13,910.16,208.83,1313.85,209.14,2303.93,208.82,2172.51,209.15,2562.35,208.81,2449.61,209.16,77.71,208.8,3645.36,209.17,804.25,208.79,2036.63,209.18,3547.85
1756904113.4518943,1756904112971,1756904112971,208.98,1770.7,208.99,559.77,208.97,574.07,209.0,970.19,208.96,326.77,209.01,1504.29,208.95,98.8,209.02,934.43,208.94,519.12,209.03,924.95,208.93,915.74,209.04,1593.83,208.92,631.83,209.05,1272.15,208.91,748.97,209.06,2125.86,208.9,1968.3,209.07,1740.17,208.89,2135.01,209.08,1963.06,208.88,1648.65,209.09,3019.64,208.87,1586.47,209.1,1051.02,208.86,2130.93,209.11,1206.33,208.85,643.95,209.12,1172.37,208.84,1956.79,209.13,910.16,208.83,1313.85,209.14,2303.93,208.82,2172.51,209.15,2562.35,208.81,2449.61,209.16,77.71,208.8,3645.36,209.17,871.25,208.79,2036.63,209.18,3547.85
1756904114.04363,1756904113538,1756904113538,208.98,1770.7,208.99,554.27,208.97,574.07,209.0,837.0,208.96,301.4,209.01,1504.29,208.95,98.8,209.02,963.12,208.94,519.12,209.03,924.95,208.93,915.74,209.04,1579.6,208.92,641.4,209.05,1233.36,208.91,992.07,209.06,2125.86,208.9,1968.3,209.07,1740.17,208.89,1921.07,209.08,2484.04,208.88,1648.65,209.09,3019.64,208.87,1586.47,209.1,1051.02,208.86,2188.36,209.11,1206.33,208.85,643.95,209.12,798.44,208.84,1956.79,209.13,910.16,208.83,1313.85,209.14,2303.93,208.82,1841.81,209.15,2562.35,208.81,2062.02,209.16,96.48,208.8,3645.36,209.17,871.25,208.79,2036.63,209.18,3547.85
1756904114.4955463,1756904114117,1756904114117,208.98,1196.6,208.99,540.63,208.96,588.49,209.0,1228.56,208.95,99.52,209.01,1504.29,208.94,519.12,209.02,963.12,208.93,915.74,209.03,989.17,208.92,928.52,209.04,1558.52,208.91,1195.26,209.05,1233.36,208.9,1968.3,209.06,2125.86,208.89,2251.79,209.07,1927.12,208.88,1648.65,209.08,2484.04,208.87,1586.47,209.09,3019.64,208.86,2188.36,209.1,1051.02,208.85,643.95,209.11,1111.88,208.84,1956.79,209.12,819.66,208.83,1313.85,209.13,1285.16,208.82,1841.81,209.14,2303.93,208.81,2062.02,209.15,2562.35,208.8,4018.53,209.16,96.48,208.79,2036.63,209.17,871.25,208.78,1836.79,209.18,3547.85
1756904115.0139709,1756904114606,1756904114606,208.98,1145.67,208.99,807.02,208.96,14.36,209.0,1212.68,208.95,607.19,209.01,1590.52,208.94,508.61,209.02,990.0,208.93,259.3,209.03,1243.85,208.92,624.51,209.04,1468.17,208.91,1551.99,209.05,1807.27,208.9,1394.01,209.06,2121.07,208.89,2223.08,209.07,1934.78,208.88,2223.0,209.08,1623.3,208.87,1586.47,209.09,3019.64,208.86,2188.36,209.1,1051.02,208.85,643.95,209.11,1111.88,208.84,1956.79,209.12,798.44,208.83,1313.85,209.13,1289.95,208.82,1841.81,209.14,2303.93,208.81,2397.01,209.15,2562.35,208.8,4018.53,209.16,96.48,208.79,2036.63,209.17,871.25,208.78,1836.79,209.18,3550.24
1756904115.4888818,1756904115123,1756904115123,208.98,895.15,208.99,822.86,208.97,2.39,209.0,1212.68,208.96,14.36,209.01,1591.51,208.95,601.82,209.02,1080.36,208.94,327.42,209.03,914.66,208.93,196.7,209.04,1568.4,208.92,651.89,209.05,2099.02,208.91,1379.7,209.06,2121.07,208.9,1394.01,209.07,1747.83,208.89,2208.72,209.08,1623.3,208.88,2223.0,209.09,3019.64,208.87,1586.47,209.1,1251.11,208.86,2130.93,209.11,1111.88,208.85,643.95,209.12,798.44,208.84,1956.79,209.13,1289.95,208.83,1313.85,209.14,2303.93,208.82,1841.81,209.15,2562.35,208.81,2397.01,209.16,96.48,208.8,4018.53,209.17,871.25,208.79,2036.63,209.18,3550.24
1756904116.1843,1756904115726,1756904115726,208.98,47.02,208.99,3757.34,208.95,20.0,209.0,1664.15,208.92,12.0,209.01,1936.53,208.91,750.89,209.02,867.9,208.9,324.52,209.03,483.41,208.89,338.38,209.04,3200.52,208.88,490.22,209.05,2174.86,208.87,1177.46,209.06,1376.4,208.86,303.66,209.07,1724.35,208.85,1561.31,209.08,1111.83,208.84,2513.4,209.09,2441.05,208.83,838.95,209.1,960.58,208.82,1016.16,209.11,696.99,208.81,1391.93,209.12,319.42,208.8,2439.9,209.13,1276.11,208.79,2072.45,209.14,2303.93,208.78,1622.1,209.15,2562.35,208.77,4777.39,209.16,96.48,208.76,94.88,209.17,871.25,208.75,814.12,209.18,3540.67
1756904116.6551418,1756904116233,1756904116233,208.95,115.71,208.96,2969.06,208.92,2.39,208.97,2254.52,208.91,615.29,208.98,2331.44,208.9,299.15,208.99,4133.13,208.89,403.62,209.0,1458.16,208.88,581.64,209.01,1946.73,208.87,725.45,209.02,846.7,208.86,674.95,209.03,970.37,208.85,1551.68,209.04,3238.99,208.84,2494.1,209.05,2151.98,208.83,1796.43,209.06,928.55,208.82,2486.12,209.07,1688.28,208.81,1059.3,209.08,1125.67,208.8,2444.69,209.09,2074.31,208.79,2062.87,209.1,960.58,208.78,1676.06,209.11,678.37,208.77,5256.41,209.12,448.61,208.76,1669.81,209.13,933.91,208.75,673.49,209.14,2303.93,208.74,318.77,209.15,2562.35
1756904117.1954763,1756904116776,1756904116776,208.95,471.56,208.96,2384.2,208.92,2.39,208.97,1309.06,208.91,41.03,208.98,179.57,208.9,898.16,208.99,2825.66,208.89,403.62,209.0,1456.62,208.88,461.21,209.01,1946.73,208.87,835.26,209.02,901.89,208.86,707.42,209.03,1050.64,208.85,1768.81,209.04,4015.49,208.84,2494.1,209.05,862.82,208.83,1825.15,209.06,849.88,208.82,2060.46,209.07,1448.8,208.81,1059.3,209.08,597.55,208.8,2444.69,209.09,2074.31,208.79,2077.23,209.1,960.58,208.78,2027.55,209.11,678.37,208.77,5256.41,209.12,328.99,208.76,2191.37,209.13,933.91,208.75,673.49,209.14,2303.93,208.74,318.77,209.15,2562.35
1756904117.6640239,1756904117284,1756904117284,208.95,500.64,208.96,2517.07,208.92,2.39,208.97,913.42,208.91,41.03,208.98,1036.27,208.9,873.43,208.99,2739.13,208.89,403.62,209.0,1445.42,208.88,447.96,209.01,1946.73,208.87,886.25,209.02,1068.89,208.86,721.78,209.03,1050.64,208.85,1768.81,209.04,3843.57,208.84,2494.1,209.05,862.82,208.83,2159.47,209.06,849.88,208.82,2060.46,209.07,1395.13,208.81,1059.3,209.08,595.79,208.8,2444.69,209.09,2074.31,208.79,2077.23,209.1,960.58,208.78,2037.15,209.11,678.37,208.77,5618.68,209.12,328.99,208.76,2191.37,209.13,933.91,208.75,673.49,209.14,2303.93,208.74,318.77,209.15,2765.68
1756904118.5649014,1756904117921,1756904117921,208.95,689.94,208.96,2193.52,208.92,14.39,208.97,925.26,208.91,679.11,208.98,990.06,208.9,985.93,208.99,2084.17,208.89,996.41,209.0,966.4,208.88,873.59,209.01,1169.51,208.87,810.06,209.02,979.61,208.86,739.21,209.03,1050.64,208.85,1194.38,209.04,4130.54,208.84,2507.94,209.05,862.81,208.83,2145.63,209.06,849.88,208.82,2060.46,209.07,1615.37,208.81,1059.3,209.08,581.95,208.8,2456.47,209.09,2088.15,208.79,2077.23,209.1,960.58,208.78,2037.15,209.11,678.37,208.77,5618.68,209.12,328.99,208.76,2095.6,209.13,933.91,208.75,194.47,209.14,2299.14,208.74,318.77,209.15,2765.68
1756904118.8186383,1756904118407,1756904118407,208.95,989.05,208.96,1948.96,208.92,586.24,208.97,1127.53,208.91,41.03,208.98,280.01,208.9,587.51,208.99,2365.4,208.89,288.59,209.0,857.99,208.88,1339.91,209.01,1226.9,208.87,831.45,209.02,1497.08,208.86,1423.49,209.03,1027.76,208.85,1255.02,209.04,2952.7,208.84,2716.16,209.05,334.28,208.83,2150.42,209.06,849.88,208.82,2048.32,209.07,2094.39,208.81,1065.51,209.08,581.95,208.8,2445.62,209.09,2074.31,208.79,2077.23,209.1,974.42,208.78,2516.17,209.11,678.37,208.77,5831.15,209.12,319.42,208.76,2095.6,209.13,2887.14,208.75,194.47,209.14,2299.14,208.74,318.77,209.15,2775.25
1756904119.3678248,1756904118910,1756904118910,208.95,988.12,208.96,1279.75,208.93,2.39,208.97,476.2,208.91,1313.04,208.98,707.33,208.9,348.62,208.99,2244.88,208.89,433.16,209.0,644.45,208.88,961.99,209.01,1169.51,208.87,1083.29,209.02,444.07,208.86,1423.49,209.03,1793.77,208.85,1327.37,209.04,3499.11,208.84,2687.44,209.05,813.3,208.83,2672.26,209.06,849.88,208.82,2048.32,209.07,2381.32,208.81,1071.56,209.08,581.95,208.8,2445.62,209.09,2074.31,208.79,2077.23,209.1,974.42,208.78,2516.17,209.11,253.3,208.77,5352.13,209.12,319.42,208.76,2095.6,209.13,2891.93,208.75,194.47,209.14,2299.14,208.74,318.77,209.15,2571.92
1756904119.9711952,1756904119502,1756904119502,208.96,1451.6,208.97,16.09,208.95,2643.8,208.99,25.13,208.94,31.26,209.0,285.26,208.93,783.13,209.01,445.8,208.92,802.33,209.02,527.46,208.91,222.94,209.03,1496.67,208.9,912.21,209.04,947.68,208.89,2192.57,209.05,1170.58,208.88,1508.17,209.06,1417.76,208.87,545.37,209.07,929.8,208.86,1385.11,209.08,847.48,208.85,731.61,209.09,2671.82,208.84,4629.9,209.1,1826.05,208.83,1830.2,209.11,253.3,208.82,265.22,209.12,798.44,208.81,558.7,209.13,3432.84,208.8,933.09,209.14,2299.14,208.79,2479.76,209.15,2674.4,208.78,1983.19,209.16,561.07,208.77,4510.84,209.17,166.88
1756904120.6474633,1756904120027,1756904120027,208.98,449.34,208.99,395.07,208.97,173.82,209.0,340.37,208.96,5800.16,209.01,1025.35,208.95,1052.66,209.02,1129.84,208.94,265.1,209.03,1889.06,208.93,1084.82,209.04,1085.66,208.92,806.05,209.05,1197.54,208.91,315.05,209.06,1268.81,208.9,912.21,209.07,1021.02,208.89,1765.66,209.08,1683.05,208.88,1525.49,209.09,2726.39,208.87,457.76,209.1,1840.29,208.86,1411.73,209.11,253.3,208.85,731.61,209.12,798.44,208.84,4634.69,209.13,3804.02,208.83,1843.61,209.14,2299.14,208.82,1162.82,209.15,2674.4,208.81,1091.65,209.16,526.84,208.8,933.09,209.17,166.88,208.79,2479.76,209.18,1042.53
1756904121.0394754,1756904120591,1756904120591,208.98,3617.87,208.99,363.19,208.97,273.43,209.0,340.37,208.96,1828.0,209.01,904.04,208.95,446.57,209.02,1131.22,208.94,827.43,209.03,1798.7,208.93,501.91,209.04,1025.55,208.92,881.11,209.05,1115.79,208.91,572.18,209.06,1275.58,208.9,788.18,209.07,1158.21,208.89,2723.7,209.08,1333.64,208.88,1525.49,209.09,2726.39,208.87,457.76,209.1,1875.99,208.86,1411.73,209.11,579.76,208.85,718.76,209.12,798.44,208.84,4174.83,209.13,3446.68,208.83,1790.24,209.14,2299.14,208.82,1311.08,209.15,2674.4,208.81,1091.65,209.16,526.84,208.8,933.09,209.17,250.41,208.79,2479.76,209.18,1042.53
1756904121.5702286,1756904121074,1756904121074,208.98,2920.98,208.99,339.82,208.97,368.22,209.0,40.38,208.96,775.46,209.01,554.87,208.95,631.54,209.02,1101.15,208.94,683.61,209.03,1919.41,208.93,460.69,209.04,1011.8,208.92,1127.59,209.05,1058.41,208.91,443.05,209.06,1205.6,208.9,802.02,209.07,1015.84,208.89,2723.7,209.08,1572.79,208.88,1461.65,209.09,2726.39,208.87,462.55,209.1,1875.99,208.86,1411.73,209.11,579.76,208.85,718.76,209.12,798.44,208.84,4174.83,209.13,3468.43,208.83,1790.24,209.14,2299.14,208.82,1790.1,209.15,2955.71,208.81,830.68,209.16,101.87,208.8,933.09,209.17,250.41,208.79,2479.76,209.18,1042.53
1756904122.0761867,1756904121626,1756904121626,208.98,2633.93,208.99,348.66,208.97,207.36,209.0,46.73,208.96,488.38,209.01,828.06,208.95,631.54,209.02,1286.35,208.94,683.59,209.03,2013.67,208.93,587.29,209.04,1063.6,208.92,1701.83,209.05,1121.16,208.91,443.05,209.06,1150.93,208.9,1033.74,209.07,1272.46,208.89,2711.85,209.08,1572.79,208.88,1461.65,209.09,3077.67,208.87,462.55,209.1,1875.99,208.86,1411.73,209.11,579.76,208.85,737.96,209.12,798.44,208.84,4194.03,209.13,3468.43,208.83,2485.73,209.14,2299.14,208.82,1404.37,209.15,2562.35,208.81,830.68,209.16,101.87,208.8,933.09,209.17,250.41,208.79,2479.76,209.18,1042.53
1756904122.5261626,1756904122148,1756904122148,208.98,2607.97,208.99,339.58,208.97,143.56,209.0,46.73,208.96,426.18,209.01,906.21,208.95,585.66,209.02,1315.04,208.94,683.59,209.03,2027.44,208.93,741.94,209.04,1049.37,208.92,1701.83,209.05,876.05,208.91,443.05,209.06,1150.93,208.9,1038.36,209.07,1272.46,208.89,2711.85,209.08,1572.79,208.88,1461.65,209.09,3077.67,208.87,462.55,209.1,1875.99,208.86,1411.73,209.11,579.76,208.85,737.96,209.12,940.69,208.84,4227.63,209.13,3468.43,208.83,2500.13,209.14,2299.14,208.82,1776.78,209.15,2948.81,208.81,830.68,209.16,101.87,208.8,933.09,209.17,250.41,208.79,2479.76,209.18,1042.53
1756904123.3589783,1756904122653,1756904122653,208.98,2577.1,208.99,380.23,208.97,143.56,209.0,231.07,208.96,64.57,209.01,913.36,208.95,291.44,209.02,1506.37,208.94,466.33,209.03,2300.65,208.93,1019.48,209.04,1105.01,208.92,1711.59,209.05,820.87,208.91,228.11,209.06,1065.29,208.9,1579.32,209.07,1567.05,208.89,2921.69,209.08,1844.13,208.88,1461.65,209.09,3651.47,208.87,160.11,209.1,1302.2,208.86,453.69,209.11,579.76,208.85,737.96,209.12,940.69,208.84,4227.63,209.13,2894.72,208.83,2500.13,209.14,2299.14,208.82,2734.82,209.15,2948.81,208.81,830.68,209.16,101.87,208.8,1146.98,209.17,250.41,208.79,2000.74,209.18,1042.53
1756904123.734539,1756904123203,1756904123203,208.98,2363.64,208.99,380.23,208.97,430.62,209.0,93.46,208.96,73.4,209.01,687.84,208.95,779.49,209.02,1415.39,208.94,179.24,209.03,1583.59,208.93,1019.48,209.04,1224.25,208.92,1122.81,209.05,1847.47,208.91,228.11,209.06,1137.62,208.9,1798.73,209.07,993.19,208.89,2910.3,209.08,1844.13,208.88,1461.65,209.09,3651.49,208.87,160.11,209.1,1302.2,208.86,504.51,209.11,1153.53,208.85,744.49,209.12,940.69,208.84,4227.63,209.13,2859.13,208.83,2500.13,209.14,2299.14,208.82,2734.82,209.15,2948.81,208.81,830.68,209.16,101.87,208.8,1146.98,209.17,250.41,208.79,2000.74,209.18,1521.04
1756904124.2861757,1756904123786,1756904123786,208.98,2363.66,208.99,389.81,208.97,145.95,209.0,93.46,208.96,360.47,209.01,977.98,208.95,146.81,209.02,1479.19,208.94,179.24,209.03,1647.39,208.93,1439.04,209.04,1243.63,208.92,1113.24,209.05,1792.38,208.91,450.12,209.06,1129.48,208.9,1798.73,209.07,993.19,208.89,2923.42,209.08,2154.5,208.88,1472.94,209.09,3651.49,208.87,160.11,209.1,1302.2,208.86,504.51,209.11,1153.53,208.85,1303.26,209.12,940.69,208.84,4227.63,209.13,2880.35,208.83,2500.13,209.14,2299.14,208.82,2734.82,209.15,2562.35,208.81,830.68,209.16,101.87,208.8,1146.98,209.17,383.52,208.79,2000.74,209.18,1521.04
1756904124.7683387,1756904124352,1756904124352,208.98,2363.48,208.99,381.79,208.97,145.95,209.0,94.84,208.96,367.64,209.01,971.73,208.95,82.24,209.02,1445.54,208.94,343.67,209.03,1850.03,208.93,1499.92,209.04,1246.73,208.92,1139.45,209.05,1935.84,208.91,574.26,209.06,1129.48,208.9,1784.89,209.07,993.19,208.89,2965.97,209.08,2154.5,208.88,1432.94,209.09,3651.49,208.87,160.11,209.1,1302.2,208.86,504.51,209.11,1153.53,208.85,1303.26,209.12,917.15,208.84,4227.63,209.13,3246.21,208.83,2500.13,209.14,2299.14,208.82,2734.82,209.15,2562.35,208.81,830.68,209.16,101.87,208.8,1146.98,209.17,383.52,208.79,2000.74,209.18,1518.65
1756904125.281593,1756904124846,1756904124846,208.98,2650.53,208.99,393.37,208.97,145.95,209.0,94.84,208.96,351.63,209.01,1187.16,208.95,114.74,209.02,1445.54,208.94,336.52,209.03,1850.03,208.93,1499.92,209.04,1191.16,208.92,1153.8,209.05,1382.94,208.91,583.83,209.06,1129.48,208.9,1784.89,209.07,985.53,208.89,2976.35,209.08,2154.5,208.88,1445.54,209.09,3651.49,208.87,160.11,209.1,1302.2,208.86,510.56,209.11,1153.53,208.85,1303.26,209.12,1627.8,208.84,4227.63,209.13,3246.21,208.83,2741.86,209.14,2299.14,208.82,2734.82,209.15,2562.35,208.81,830.68,209.16,101.87,208.8,1146.98,209.17,383.52,208.79,2000.74,209.18,1521.04
1756904125.857167,1756904125491,1756904125491,208.98,2363.48,208.99,406.17,208.97,145.95,209.0,98.89,208.96,390.79,209.01,1187.16,208.95,123.03,209.02,1445.54,208.94,369.69,209.03,1850.03,208.93,1499.92,209.04,1227.71,208.92,1163.64,209.05,1382.94,208.91,572.8,209.06,1129.48,208.9,1784.89,209.07,985.53,208.89,2974.91,209.08,2154.5,208.88,1432.94,209.09,3651.49,208.87,160.11,209.1,1302.2,208.86,510.56,209.11,1153.53,208.85,1269.79,209.12,1627.8,208.84,4213.01,209.13,3251.0,208.83,2741.86,209.14,2299.14,208.82,2734.82,209.15,2562.35,208.81,830.68,209.16,101.87,208.8,1146.98,209.17,383.52,208.79,2000.74,209.18,1521.04
1756904126.747453,1756904125998,1756904125998,208.98,2650.52,208.99,322.2,208.97,145.95,209.0,114.77,208.96,677.88,209.01,644.8,208.95,123.03,209.02,1014.21,208.94,779.46,209.03,1850.03,208.93,925.71,209.04,1006.71,208.92,1168.42,209.05,1095.98,208.91,448.66,209.06,1184.08,208.9,1210.6,209.07,1272.46,208.89,2974.91,209.08,2154.5,208.88,1432.94,209.09,3077.67,208.87,160.11,209.1,1608.17,208.86,453.13,209.11,1153.53,208.85,1269.79,209.12,1627.8,208.84,4213.01,209.13,3824.71,208.83,2741.86,209.14,2299.14,208.82,2734.82,209.15,2562.35,208.81,830.68,209.16,101.87,208.8,1146.98,209.17,383.52,208.79,2000.74,209.18,1521.04
1756904128.9382045,1756904127231,1756904127231,208.98,3013.2,208.99,221.44,208.97,372.08,209.01,19.57,208.96,994.84,209.02,289.4,208.95,485.0,209.03,118.54,208.94,1158.36,209.04,988.87,208.93,641.82,209.05,485.31,208.92,1168.13,209.06,585.13,208.91,393.9,209.07,1525.34,208.9,1379.57,209.08,2525.83,208.89,4122.09,209.09,2129.06,208.88,1407.94,209.1,1830.5,208.87,176.39,209.11,757.22,208.86,562.48,209.12,1620.44,208.85,2232.63,209.13,1584.61,208.84,4696.82,209.14,2299.14,208.83,2396.96,209.15,3144.14,208.82,1776.78,209.16,101.87,208.81,242.27,209.17,383.52,208.8,791.37,209.18,1521.04,208.79,2000.74,209.19,2178.68
1756904129.062487,1756904127805,1756904127805,208.98,2701.16,208.99,221.44,208.97,176.03,209.0,4.05,208.96,994.84,209.01,19.57,208.95,485.0,209.02,290.78,208.94,1144.01,209.03,118.54,208.93,641.82,209.04,738.14,208.92,1168.13,209.05,324.48,208.91,334.2,209.06,926.72,208.9,1379.57,209.07,1307.61,208.89,4122.09,209.08,1944.12,208.88,1420.09,209.09,1837.38,208.87,176.39,209.1,1569.71,208.86,549.9,209.11,1330.97,208.85,2232.63,209.12,909.79,208.84,4726.81,209.13,1192.74,208.83,2155.23,209.14,2303.92,208.82,1628.52,209.15,2570.49,208.81,105.85,209.16,101.87,208.8,791.37,209.17,383.52,208.79,2000.74,209.18,1521.04
1756904129.478411,1756904128003,1756904128003,208.98,690.18,208.99,887.82,208.97,7.15,209.0,300.59,208.96,64.7,209.01,189.63,208.95,10.43,209.02,577.77,208.94,635.46,209.03,197.9,208.93,12.0,209.04,1165.11,208.92,1000.14,209.05,326.66,208.91,572.94,209.06,907.98,208.9,1916.36,209.07,1601.38,208.89,2349.3,209.08,1465.1,208.88,1022.05,209.09,2133.89,208.87,176.39,209.1,230.04,208.86,440.55,209.11,709.32,208.85,1245.87,209.12,430.77,208.84,2287.04,209.13,905.9,208.83,1966.35,209.14,3280.49,208.82,890.74,209.15,2570.49,208.81,105.85,209.16,125.06,208.8,791.37,209.17,413.51,208.79,2000.74,209.18,3473.81
1756904129.4800036,1756904128216,1756904128216,208.98,498.93,208.99,1053.64,208.96,1.46,209.0,300.59,208.95,10.43,209.01,196.78,208.94,608.74,209.02,577.77,208.93,12.0,209.03,1344.44,208.92,992.99,209.04,1808.93,208.91,796.28,209.05,326.66,208.9,1321.07,209.06,907.98,208.89,2363.14,209.07,1027.52,208.88,1015.62,209.08,1465.1,208.87,160.95,209.09,2133.89,208.86,1014.98,209.1,230.04,208.85,1221.88,209.11,709.32,208.84,2272.64,209.12,430.77,208.83,1613.36,209.13,905.9,208.82,853.1,209.14,3280.49,208.81,105.85,209.15,2570.49,208.8,791.37,209.16,146.28,208.79,2000.74,209.17,413.51,208.78,2110.72,209.18,3473.81
1756904129.789822,1756904129085,1756904129085,208.98,851.88,208.99,682.47,208.95,315.17,209.0,120.41,208.94,23.69,209.01,668.41,208.93,1291.38,209.02,865.38,208.92,847.65,209.03,78.08,208.91,631.37,209.04,747.32,208.9,818.11,209.05,668.99,208.89,1838.71,209.06,603.67,208.88,286.09,209.07,1222.72,208.87,225.78,209.08,813.87,208.86,408.17,209.09,1343.57,208.85,918.99,209.1,126.1,208.84,1931.12,209.11,1119.46,208.83,1294.94,209.12,419.58,208.82,564.8,209.13,905.9,208.81,440.43,209.14,2299.14,208.8,833.81,209.15,2570.49,208.79,2024.69,209.16,155.89,208.78,1631.7,209.17,413.51,208.77,4477.03,209.18,3473.81
1756904130.032214,1756904129288,1756904129288,208.98,623.45,208.99,536.76,208.96,178.56,209.0,649.4,208.95,17.58,209.01,899.01,208.94,575.55,209.02,1068.71,208.93,431.36,209.03,398.1,208.92,269.61,209.04,1296.22,208.91,75.71,209.05,307.06,208.9,1472.92,209.06,1401.13,208.89,1653.6,209.07,1666.48,208.88,892.34,209.08,2815.27,208.87,589.35,209.09,1253.77,208.86,2152.05,209.1,317.79,208.85,699.15,209.11,1046.76,208.84,1934.87,209.12,424.36,208.83,1303.81,209.13,905.9,208.82,192.39,209.14,2312.98,208.81,2389.63,209.15,661.28,208.8,838.61,209.16,134.67,208.79,2503.71,209.17,952.71,208.78,1631.7,209.18,3473.81
1756904130.4330635,1756904129832,1756904129832,208.98,490.51,208.99,1588.07,208.95,22.58,209.0,1041.67,208.94,593.73,209.01,985.88,208.93,364.44,209.02,1147.68,208.92,132.22,209.03,582.06,208.91,590.69,209.04,1209.75,208.9,1814.91,209.05,1266.54,208.89,1653.6,209.06,1880.15,208.88,897.88,209.07,1674.14,208.87,693.61,209.08,2577.89,208.86,2631.07,209.09,745.42,208.85,1164.33,209.1,126.1,208.84,1939.66,209.11,1046.76,208.83,1309.42,209.12,424.36,208.82,192.39,209.13,905.9,208.81,2388.22,209.14,1643.21,208.8,1336.83,209.15,675.52,208.79,3270.23,209.16,144.24,208.78,1631.7,209.17,952.71,208.77,4481.82,209.18,3473.81
1756904130.8017461,1756904130334,1756904130334,208.98,490.51,208.99,1561.07,208.95,10.43,209.0,1041.67,208.94,593.73,209.01,984.39,208.93,329.8,209.02,1316.64,208.92,196.02,209.03,644.69,208.91,811.25,209.04,1209.75,208.9,2364.4,209.05,1266.54,208.89,1667.96,209.06,1953.1,208.88,911.83,209.07,2370.5,208.87,1329.14,209.08,2577.89,208.86,2624.26,209.09,750.2,208.85,1164.33,209.1,126.1,208.84,1939.66,209.11,1046.76,208.83,1309.42,209.12,424.36,208.82,192.39,209.13,919.74,208.81,2547.86,209.14,1746.51,208.8,1875.07,209.15,675.52,208.79,3669.14,209.16,144.24,208.78,1631.7,209.17,3249.27,208.77,4481.82,209.18,3473.81
1756904131.2741075,1756904130858,1756904130858,208.98,490.45,208.99,1886.0,208.95,12.82,209.0,1282.86,208.94,676.16,209.01,1138.19,208.93,310.23,209.02,1023.7,208.92,413.13,209.03,537.19,208.91,1756.82,209.04,1495.74,208.9,1487.69,209.05,1323.92,208.89,1653.6,209.06,2425.72,208.88,1124.41,209.07,1796.64,208.87,1329.6,209.08,2940.13,208.86,2638.1,209.09,1324.02,208.85,1164.33,209.1,126.1,208.84,1952.34,209.11,2023.47,208.83,1309.42,209.12,438.2,208.82,288.13,209.13,905.9,208.81,2296.33,209.14,1746.51,208.8,1875.07,209.15,667.38,208.79,3284.59,209.16,144.24,208.78,1631.7,209.17,3249.27,208.77,4481.82,209.18,3473.81
1756904131.8993258,1756904131415,1756904131415,208.98,490.45,208.99,1897.28,208.95,12.82,209.0,1283.85,208.94,593.73,209.01,1138.19,208.93,357.24,209.02,1047.62,208.92,455.97,209.03,481.18,208.91,1577.66,209.04,1495.74,208.9,1566.04,209.05,1837.0,208.89,1676.49,209.06,2430.72,208.88,1124.41,209.07,1801.42,208.87,1329.6,209.08,2940.13,208.86,3315.39,209.09,1319.02,208.85,1164.33,209.1,126.1,208.84,1952.34,209.11,2057.25,208.83,1297.96,209.12,433.42,208.82,288.13,209.13,905.9,208.81,2296.33,209.14,1746.51,208.8,2624.78,209.15,667.38,208.79,3284.59,209.16,144.24,208.78,1631.7,209.17,3249.27,208.77,4481.82,209.18,3473.81
1756904132.4395545,1756904131979,1756904131979,208.98,490.45,208.99,1906.37,208.95,12.82,209.0,1310.85,208.94,593.73,209.01,1000.77,208.93,357.24,209.02,982.85,208.92,455.97,209.03,481.18,208.91,1577.66,209.04,1495.74,208.9,1589.97,209.05,1837.0,208.89,1798.82,209.06,2430.72,208.88,1138.77,209.07,1801.42,208.87,1329.6,209.08,2940.13,208.86,3315.39,209.09,1319.02,208.85,1164.33,209.1,126.1,208.84,2009.78,209.11,2057.25,208.83,1297.96,209.12,433.42,208.82,292.92,209.13,901.11,208.81,2296.33,209.14,1746.51,208.8,2624.78,209.15,690.94,208.79,3284.59,209.16,144.24,208.78,1631.7,209.17,3249.27,208.77,4481.82,209.18,3473.81
1756904132.96768,1756904132553,1756904132553,208.98,489.08,208.99,2018.79,208.95,12.82,209.0,1663.09,208.94,19.57,209.01,1000.77,208.93,931.45,209.02,926.29,208.92,455.97,209.03,481.18,208.91,1003.39,209.04,1573.18,208.9,1575.61,209.05,1837.0,208.89,2387.51,209.06,2430.72,208.88,1288.57,209.07,1801.42,208.87,1239.18,209.08,2940.13,208.86,3315.39,209.09,1319.02,208.85,1164.33,209.1,642.23,208.84,2009.78,209.11,2057.25,208.83,1297.96,209.12,438.21,208.82,850.59,209.13,901.11,208.81,2296.33,209.14,1746.51,208.8,2629.58,209.15,667.38,208.79,3284.59,209.16,824.8,208.78,1631.7,209.17,3249.27,208.77,4481.82,209.18,3473.81
1756904133.6123848,1756904133113,1756904133113,208.98,296.81,208.99,2121.7,208.95,12.82,209.0,1397.39,208.94,19.57,209.01,1344.71,208.93,586.36,209.02,895.18,208.92,234.66,209.03,768.16,208.91,816.45,209.04,1573.18,208.9,1351.96,209.05,1897.84,208.89,2488.72,209.06,1856.84,208.88,541.1,209.07,2088.35,208.87,1497.66,209.08,2940.13,208.86,3966.38,209.09,745.2,208.85,1178.17,209.1,642.23,208.84,2009.78,209.11,2071.09,208.83,1297.96,209.12,424.37,208.82,1090.03,209.13,901.11,208.81,2296.33,209.14,1746.51,208.8,2264.44,209.15,279.99,208.79,3284.59,209.16,824.8,208.78,1631.7,209.17,3249.27,208.77,4481.82,209.18,3473.81
1756904134.1026757,1756904133636,1756904133636,208.98,296.81,208.99,2514.37,208.95,12.82,209.0,1397.39,208.94,19.57,209.01,1058.17,208.93,586.36,209.02,953.63,208.92,51.8,209.03,724.3,208.91,829.77,209.04,1573.18,208.9,1351.96,209.05,2240.26,208.89,2483.93,209.06,2211.68,208.88,541.1,209.07,2088.35,208.87,1779.2,209.08,2940.13,208.86,4009.45,209.09,1124.74,208.85,1178.17,209.1,642.23,208.84,2148.23,209.11,2071.09,208.83,1297.96,209.12,424.37,208.82,1090.03,209.13,901.11,208.81,2296.33,209.14,1629.37,208.8,2264.44,209.15,298.56,208.79,3638.0,209.16,835.54,208.78,1631.7,209.17,3280.24,208.77,4481.82,209.18,3490.9
1756904134.6754959,1756904134194,1756904134194,208.98,296.7,208.99,2480.24,208.95,12.82,209.0,1478.08,208.94,21.03,209.01,1085.48,208.93,12.15,209.02,953.63,208.92,832.57,209.03,724.3,208.91,816.45,209.04,1573.18,208.9,1350.52,209.05,2240.26,208.89,2452.2,209.06,2211.68,208.88,700.89,209.07,2088.35,208.87,1764.58,209.08,2940.13,208.86,4009.45,209.09,1124.74,208.85,1178.17,209.1,642.23,208.84,2179.96,209.11,2035.21,208.83,1297.96,209.12,419.58,208.82,1104.65,209.13,922.49,208.81,2296.33,209.14,1629.37,208.8,2264.44,209.15,298.56,208.79,3638.0,209.16,835.54,208.78,1631.7,209.17,3269.46,208.77,4481.82,209.18,3490.9
1756904135.1927133,1756904134722,1756904134722,208.98,296.7,208.99,2175.64,208.95,12.82,209.0,1478.08,208.94,21.03,209.01,1372.5,208.93,12.15,209.02,953.63,208.92,832.57,209.03,724.3,208.91,816.45,209.04,1573.18,208.9,1350.52,209.05,2240.26,208.89,2452.2,209.06,2211.68,208.88,700.89,209.07,2088.35,208.87,2050.86,209.08,2940.13,208.86,4023.29,209.09,1143.43,208.85,1164.33,209.1,642.23,208.84,2179.96,209.11,2035.21,208.83,1297.96,209.12,419.58,208.82,1104.65,209.13,922.49,208.81,2296.33,209.14,1629.37,208.8,2585.17,209.15,298.56,208.79,3638.0,209.16,835.54,208.78,1631.7,209.17,3674.22,208.77,4481.82,209.18,3488.51
1756904135.736761,1756904135286,1756904135286,208.98,296.7,208.99,2160.45,208.95,12.82,209.0,1506.89,208.94,21.03,209.01,1429.57,208.93,12.15,209.02,953.63,208.92,832.57,209.03,724.3,208.91,816.45,209.04,1573.18,208.9,1350.52,209.05,2240.26,208.89,2456.99,209.06,2211.68,208.88,700.89,209.07,2088.35,208.87,2050.86,209.08,2940.13,208.86,4023.29,209.09,1143.43,208.85,1164.33,209.1,642.23,208.84,2179.96,209.11,2035.21,208.83,1297.96,209.12,424.37,208.82,1104.65,209.13,922.49,208.81,2296.33,209.14,1629.37,208.8,2585.17,209.15,300.95,208.79,3638.0,209.16,824.8,208.78,1631.7,209.17,3674.22,208.77,4481.82,209.18,3488.51
1756904136.1843538,1756904135781,1756904135781,208.98,296.7,208.99,2251.04,208.95,12.82,209.0,1528.11,208.94,21.03,209.01,1372.5,208.93,12.15,209.02,953.63,208.92,832.57,209.03,724.3,208.91,816.45,209.04,1573.18,208.9,1360.09,209.05,2248.4,208.89,2456.99,209.06,2211.68,208.88,700.89,209.07,2088.35,208.87,2050.86,209.08,2940.13,208.86,4023.29,209.09,1143.43,208.85,1164.33,209.1,642.23,208.84,2179.96,209.11,2035.21,208.83,1297.96,209.12,424.37,208.82,1104.65,209.13,922.49,208.81,2554.66,209.14,1629.37,208.8,2585.17,209.15,300.95,208.79,3638.0,209.16,824.8,208.78,1631.7,209.17,3674.22,208.77,4481.82,209.18,3488.51
1756904136.783575,1756904136332,1756904136332,208.98,296.7,208.99,2476.39,208.95,12.82,209.0,1506.89,208.94,21.03,209.01,1085.48,208.93,12.15,209.02,953.63,208.92,803.23,209.03,724.3,208.91,816.45,209.04,1573.18,208.9,1430.24,209.05,2248.4,208.89,2456.99,209.06,2211.68,208.88,700.89,209.07,2088.35,208.87,2050.86,209.08,2940.13,208.86,4023.29,209.09,1143.43,208.85,1164.33,209.1,642.23,208.84,2179.96,209.11,2035.21,208.83,1297.96,209.12,424.37,208.82,1104.65,209.13,922.49,208.81,2554.66,209.14,1629.37,208.8,2585.17,209.15,300.95,208.79,3638.0,209.16,824.8,208.78,1631.7,209.17,3674.22,208.77,4481.82,209.18,3488.51
1756904137.2376888,1756904136834,1756904136834,208.98,296.7,208.99,2534.21,208.95,12.82,209.0,1518.08,208.94,21.03,209.01,1085.48,208.93,12.15,209.02,953.63,208.92,803.23,209.03,724.3,208.91,841.78,209.04,1573.18,208.9,1444.6,209.05,2248.4,208.89,2456.99,209.06,2211.68,208.88,700.89,209.07,2088.35,208.87,2050.86,209.08,2940.13,208.86,4023.29,209.09,1143.43,208.85,1164.33,209.1,642.23,208.84,2122.52,209.11,2035.21,208.83,1297.96,209.12,424.37,208.82,1104.65,209.13,922.49,208.81,2554.66,209.14,1629.37,208.8,2200.6,209.15,300.95,208.79,3638.0,209.16,824.8,208.78,1631.7,209.17,3674.22,208.77,4481.82,209.18,3488.51
1756904137.7609224,1756904137338,1756904137338,208.98,296.7,208.99,2533.4,208.95,12.82,209.0,1518.08,208.94,21.03,209.01,1230.84,208.93,12.15,209.02,1527.62,208.92,803.23,209.03,724.3,208.91,816.45,209.04,1573.18,208.9,1444.6,209.05,1674.48,208.89,2456.99,209.06,2211.68,208.88,700.89,209.07,2088.35,208.87,2079.57,209.08,3322.93,208.86,4023.29,209.09,763.89,208.85,1164.33,209.1,642.23,208.84,2122.52,209.11,2035.21,208.83,1297.96,209.12,424.37,208.82,1104.65,209.13,922.49,208.81,2554.66,209.14,1629.37,208.8,2200.6,209.15,300.95,208.79,3638.0,209.16,824.8,208.78,1631.7,209.17,3674.22,208.77,4872.06,209.18,3488.51
1756904138.4548728,1756904137941,1756904137941,208.98,296.7,208.99,2576.14,208.95,12.82,209.0,1518.08,208.94,21.03,209.01,1230.84,208.93,12.15,209.02,953.63,208.92,789.91,209.03,724.3,208.91,841.78,209.04,2147.14,208.9,1444.6,209.05,1674.48,208.89,2456.99,209.06,2211.68,208.88,700.89,209.07,2088.35,208.87,2079.57,209.08,3322.93,208.86,4023.29,209.09,763.89,208.85,1164.33,209.1,642.23,208.84,2122.52,209.11,2035.21,208.83,1297.96,209.12,424.37,208.82,1104.65,209.13,922.49,208.81,2554.66,209.14,1629.37,208.8,2200.6,209.15,300.95,208.79,3638.0,209.16,824.8,208.78,1631.7,209.17,3674.22,208.77,4872.06,209.18,3488.51
1756904139.0013094,1756904138548,1756904138548,208.95,10.43,208.96,340.73,208.92,632.09,208.97,239.26,208.91,519.17,208.98,287.1,208.9,1380.54,208.99,3265.76,208.89,1831.23,209.0,1564.13,208.88,884.17,209.01,865.49,208.87,2052.57,209.02,479.39,208.86,3980.74,209.03,888.26,208.85,1178.17,209.04,2147.14,208.84,2063.72,209.05,2268.42,208.83,1293.16,209.06,1648.49,208.82,1090.03,209.07,2083.57,208.81,2585.55,209.08,2309.46,208.8,2200.6,209.09,763.89,208.79,3638.0,209.1,656.07,208.78,1631.7,209.11,1542.35,208.77,4872.06,209.12,424.37,208.76,90.08,209.13,932.06,208.75,296.95,209.14,1629.37,208.74,788.19,209.15,286.71
1756904139.553368,1756904139069,1756904139069,208.95,773.79,208.96,1367.93,208.93,1.46,208.97,1587.0,208.92,157.98,208.98,2366.53,208.91,545.82,208.99,2174.93,208.9,1988.85,209.0,1956.09,208.89,1845.59,209.01,1075.54,208.88,476.14,209.02,414.97,208.87,2075.47,209.03,957.25,208.86,3980.74,209.04,1974.56,208.85,1178.17,209.05,2268.42,208.84,1925.27,209.06,2097.22,208.83,867.52,209.07,1936.3,208.82,1090.03,209.08,2063.17,208.81,2585.55,209.09,763.89,208.8,2200.6,209.1,135.15,208.79,3736.6,209.11,1117.28,208.78,2057.44,209.12,424.37,208.77,4872.06,209.13,932.06,208.76,90.08,209.14,1629.37,208.75,296.95,209.15,286.71
1756904140.1774323,1756904139605,1756904139605,208.95,817.08,208.96,940.49,208.93,17.17,208.97,1258.52,208.92,618.82,208.98,822.11,208.91,331.24,208.99,2203.54,208.9,133.21,209.0,2006.84,208.89,1708.24,209.01,957.29,208.88,1036.15,209.02,737.82,208.87,2644.43,209.03,970.49,208.86,2981.0,209.04,2570.15,208.85,1163.81,209.05,2268.42,208.84,1925.27,209.06,2097.22,208.83,867.52,209.07,1936.3,208.82,999.08,209.08,2535.17,208.81,2476.17,209.09,458.3,208.8,2205.4,209.1,135.15,208.79,3741.4,209.11,1117.28,208.78,2062.24,209.12,424.37,208.77,4481.82,209.13,922.49,208.76,199.46,209.14,1629.37,208.75,296.95,209.15,286.71
1756904140.6738946,1756904140173,1756904140173,208.95,590.62,208.96,1057.93,208.93,3.85,208.97,1119.46,208.92,618.8,208.98,822.11,208.91,331.24,208.99,2043.49,208.9,541.89,209.0,1665.16,208.89,1876.47,209.01,957.29,208.88,1229.5,209.02,833.47,208.87,2654.0,209.03,970.49,208.86,2971.62,209.04,2474.5,208.85,1163.81,209.05,2263.63,208.84,1953.99,209.06,2097.22,208.83,867.52,209.07,1936.3,208.82,999.08,209.08,2535.17,208.81,2533.62,209.09,458.3,208.8,2205.4,209.1,369.29,208.79,3741.4,209.11,1117.28,208.78,2062.24,209.12,424.37,208.77,4591.94,209.13,922.49,208.76,199.46,209.14,1629.37,208.75,296.95,209.15,286.71
1756904141.162245,1756904140741,1756904140741,208.9,21.03,208.91,779.42,208.89,13.44,208.92,779.4,208.88,885.45,208.93,1162.25,208.87,825.8,208.94,1401.55,208.86,296.8,208.95,1595.24,208.85,1488.46,208.96,3307.28,208.84,2265.27,208.97,1573.8,208.83,2627.56,208.98,911.86,208.82,2882.46,208.99,1866.83,208.81,275.45,209.0,2154.76,208.8,1394.77,209.01,631.5,208.79,1963.41,209.02,1998.62,208.78,2110.61,209.03,1943.13,208.77,2357.59,209.04,1618.37,208.76,199.46,209.05,1106.85,208.75,1645.19,209.06,1200.18,208.74,309.17,209.07,2303.48,208.73,1006.06,209.08,2041.75,208.72,432.79,209.09,403.73,208.71,612.51,209.1,355.45
1756904141.7767076,1756904141305,1756904141305,208.9,590.04,208.91,229.98,208.89,1.44,208.92,439.55,208.88,23.83,208.93,1533.45,208.87,467.72,208.94,1424.49,208.86,870.14,208.95,2099.41,208.85,1593.02,208.96,2678.02,208.84,2570.63,208.97,1429.26,208.83,2192.83,208.98,950.05,208.82,1855.01,208.99,1819.44,208.81,694.69,209.0,2255.2,208.8,2003.28,209.01,626.01,208.79,2456.24,209.02,2683.28,208.78,1381.27,209.03,1916.13,208.77,2364.62,209.04,901.78,208.76,1256.74,209.05,891.31,208.75,1860.02,209.06,1275.97,208.74,494.02,209.07,2279.49,208.73,958.38,209.08,2041.75,208.72,305.85,209.09,420.98,208.71,617.3,209.1,75.48
1756904142.321876,1756904141855,1756904141855,208.9,414.19,208.91,371.68,208.89,2.39,208.92,457.21,208.87,881.62,208.93,2239.39,208.86,55.3,208.94,1649.97,208.85,378.88,208.95,1225.33,208.84,2535.37,208.96,2832.42,208.83,2452.09,208.97,1872.98,208.82,1997.54,208.98,1196.33,208.81,1027.35,208.99,920.06,208.8,1988.89,209.0,1080.9,208.79,2786.96,209.01,638.92,208.78,1381.27,209.02,2634.0,208.77,2850.79,209.03,1741.56,208.76,1029.82,209.04,641.2,208.75,3058.12,209.05,402.71,208.74,510.71,209.06,998.48,208.73,576.89,209.07,1934.31,208.72,808.93,209.08,1658.95,208.71,592.05,209.09,465.97,208.7,4358.23,209.1,75.48
1756904142.7629623,1756904142389,1756904142389,208.9,489.12,208.91,446.68,208.87,896.4,208.92,697.44,208.86,9.95,208.93,2253.16,208.85,1009.16,208.94,1301.86,208.84,2559.3,208.95,1283.73,208.83,2452.09,208.96,2837.22,208.82,1874.98,208.97,1921.81,208.81,1051.17,208.98,842.04,208.8,2091.97,208.99,955.54,208.79,2812.07,209.0,881.26,208.78,1453.35,209.01,638.92,208.77,2371.77,209.02,2627.57,208.76,1493.55,209.03,1637.81,208.75,3058.12,209.04,516.4,208.74,390.71,209.05,228.35,208.73,689.34,209.06,998.48,208.72,1268.0,209.07,1650.65,208.71,1972.27,209.08,1658.95,208.7,4358.23,209.09,465.97,208.69,2596.97,209.1,75.48
1756904144.0522814,1756904142988,1756904142988,208.9,715.69,208.91,261.24,208.89,576.71,208.92,674.53,208.88,273.91,208.93,2237.17,208.87,423.3,208.94,870.48,208.86,743.25,208.95,906.05,208.85,1004.37,208.96,2419.28,208.84,2139.63,208.97,1425.06,208.83,1673.8,208.98,842.04,208.82,1874.98,208.99,1300.42,208.81,1093.95,209.0,2291.94,208.8,2130.16,209.01,638.92,208.79,3285.04,209.02,2657.14,208.78,1614.01,209.03,1931.61,208.77,2384.02,209.04,452.6,208.76,1493.55,209.05,228.35,208.75,3062.92,209.06,998.48,208.74,405.11,209.07,1650.65,208.73,1339.94,209.08,1658.95,208.72,1566.98,209.09,481.79,208.71,1972.27,209.1,75.48
1756904144.292394,1756904143539,1756904143539,208.9,489.24,208.91,262.62,208.89,2.39,208.92,273.31,208.88,642.84,208.93,2098.02,208.87,423.3,208.94,899.18,208.86,705.35,208.95,906.05,208.85,1004.37,208.96,2442.77,208.84,2230.05,208.97,1496.83,208.83,1702.52,208.98,842.04,208.82,2098.14,208.99,1452.61,208.81,1093.95,209.0,2291.94,208.8,2130.16,209.01,638.92,208.79,3359.92,209.02,2657.14,208.78,2092.7,209.03,1931.61,208.77,2384.02,209.04,475.29,208.76,1480.96,209.05,228.35,208.75,3062.92,209.06,998.48,208.74,549.18,209.07,1673.84,208.73,1339.94,209.08,1658.95,208.72,1566.98,209.09,481.79,208.71,1972.27,209.1,75.48
1756904144.5106597,1756904144039,1756904144039,208.9,1669.14,208.91,209.99,208.89,66.19,208.92,367.24,208.88,119.02,208.93,2107.92,208.87,503.63,208.94,925.97,208.86,713.96,208.95,627.66,208.85,1641.75,208.96,1428.71,208.84,2300.55,208.97,1163.07,208.83,1673.8,208.98,886.35,208.82,1969.0,208.99,1452.61,208.81,519.41,209.0,2004.9,208.8,2130.16,209.01,1117.94,208.79,3494.17,209.02,2657.15,208.78,2092.7,209.03,1931.61,208.77,2384.02,209.04,1528.27,208.76,1480.96,209.05,228.35,208.75,3062.92,209.06,998.48,208.74,549.18,209.07,1650.65,208.73,1339.94,209.08,1658.95,208.72,1566.98,209.09,481.79,208.71,1972.27,209.1,75.48
1756904145.0494442,1756904144604,1756904144604,208.9,1012.62,208.91,195.92,208.89,2.39,208.92,722.28,208.88,10.51,208.93,2299.69,208.87,28.65,208.94,869.1,208.86,584.36,208.95,687.6,208.85,913.43,208.96,1492.89,208.84,2309.09,208.97,1676.9,208.83,1885.35,208.98,1206.92,208.82,1243.53,208.99,1429.72,208.81,447.91,209.0,1717.87,208.8,2953.82,209.01,1140.82,208.79,3494.17,209.02,2083.14,208.78,1680.18,209.03,1931.61,208.77,2280.8,209.04,954.31,208.76,1480.96,209.05,228.35,208.75,2715.91,209.06,998.48,208.74,549.18,209.07,1650.65,208.73,1148.37,209.08,1658.95,208.72,1373.37,209.09,481.79,208.71,1118.23,209.1,75.48
1756904145.624201,1756904145233,1756904145233,208.9,869.01,208.91,274.4,208.89,2.39,208.92,996.06,208.87,632.81,208.93,2410.6,208.86,245.85,208.94,1142.44,208.85,978.61,208.95,400.51,208.84,2286.19,208.96,1429.17,208.83,1712.32,208.97,1223.48,208.82,669.02,208.98,651.98,208.81,419.71,208.99,2003.81,208.8,2962.86,209.0,2291.94,208.79,3470.21,209.01,1140.82,208.78,1680.18,209.02,2083.14,208.77,2280.8,209.03,1559.06,208.76,1485.75,209.04,944.71,208.75,2715.91,209.05,242.19,208.74,908.81,209.06,984.64,208.73,1793.32,209.07,1650.65,208.72,1268.0,209.08,1877.28,208.71,1988.13,209.09,481.79,208.7,4358.23,209.1,75.48
1756904146.0675106,1756904145636,1756904145636,208.9,1012.62,208.91,285.35,208.89,2.39,208.92,1242.2,208.87,609.17,208.93,2424.95,208.86,79.07,208.94,1142.44,208.85,1000.05,208.95,400.51,208.84,2302.05,208.96,1429.17,208.83,1768.7,208.97,1223.48,208.82,669.02,208.98,807.18,208.81,684.51,208.99,2003.81,208.8,3012.51,209.0,2387.61,208.79,3470.21,209.01,1140.82,208.78,1723.27,209.02,2083.14,208.77,2280.8,209.03,1936.68,208.76,1485.75,209.04,944.71,208.75,2715.91,209.05,242.19,208.74,1031.61,209.06,984.64,208.73,1802.92,209.07,1650.65,208.72,1363.79,209.08,1877.28,208.71,2002.5,209.09,481.79,208.7,4358.23,209.1,75.48
1756904146.6755621,1756904146191,1756904146191,208.9,869.01,208.91,348.49,208.89,2.39,208.92,1242.2,208.87,609.17,208.93,2424.95,208.86,105.37,208.94,1201.3,208.85,1000.05,208.95,550.11,208.84,2302.05,208.96,1469.17,208.83,1768.7,208.97,1223.48,208.82,715.85,208.98,807.18,208.81,689.3,208.99,2003.81,208.8,3012.51,209.0,2387.61,208.79,4803.2,209.01,1117.94,208.78,1694.54,209.02,2083.14,208.77,2280.8,209.03,1936.68,208.76,1485.75,209.04,944.71,208.75,2715.91,209.05,242.19,208.74,1031.61,209.06,984.64,208.73,1807.72,209.07,1650.65,208.72,1363.79,209.08,1879.67,208.71,2002.5,209.09,481.79,208.7,4358.23,209.1,75.48
1756904147.1999214,1756904146726,1756904146726,208.9,869.01,208.91,334.54,208.89,2.39,208.92,1213.49,208.87,609.17,208.93,2424.95,208.86,105.37,208.94,1242.41,208.85,1000.05,208.95,550.11,208.84,2445.24,208.96,1526.58,208.83,1768.7,208.97,1223.48,208.82,715.85,208.98,807.18,208.81,689.3,208.99,2026.69,208.8,3012.51,209.0,2534.53,208.79,4803.2,209.01,1543.22,208.78,1694.54,209.02,2083.14,208.77,2280.8,209.03,1936.68,208.76,1514.48,209.04,944.71,208.75,2834.87,209.05,242.19,208.74,1031.61,209.06,559.47,208.73,1807.72,209.07,1650.65,208.72,1363.79,209.08,1879.67,208.71,2002.5,209.09,481.79,208.7,4358.23,209.1,2372.36
1756904147.6590812,1756904147249,1756904147249,208.9,869.01,208.91,414.0,208.89,2.39,208.92,1238.81,208.87,609.17,208.93,2453.66,208.86,105.37,208.94,1188.39,208.85,978.61,208.95,550.11,208.84,2463.62,208.96,1416.62,208.83,1761.67,208.97,1223.48,208.82,674.49,208.98,807.18,208.81,689.3,208.99,2026.69,208.8,3012.51,209.0,2534.53,208.79,4803.2,209.01,1543.22,208.78,1503.42,209.02,2076.12,208.77,2280.8,209.03,1936.68,208.76,1514.48,209.04,944.71,208.75,2834.87,209.05,114.02,208.74,1031.61,209.06,559.47,208.73,1807.72,209.07,1650.65,208.72,1363.79,209.08,1879.67,208.71,2002.5,209.09,1168.88,208.7,4358.23,209.1,2372.36
1756904148.7355857,1756904147858,1756904147858,208.9,1125.19,208.91,647.47,208.89,2.39,208.92,1238.76,208.87,770.58,208.93,2544.06,208.86,392.57,208.94,901.28,208.85,691.4,208.95,494.52,208.84,2824.37,208.96,1776.7,208.83,1201.55,208.97,1223.48,208.82,679.28,208.98,807.18,208.81,716.3,208.99,2026.69,208.8,3590.48,209.0,2062.81,208.79,4668.95,209.01,1543.22,208.78,1694.54,209.02,2410.92,208.77,2280.8,209.03,1936.68,208.76,1485.75,209.04,922.02,208.75,2834.87,209.05,114.02,208.74,1036.41,209.06,559.47,208.73,1807.72,209.07,1650.65,208.72,1626.49,209.08,1879.67,208.71,2002.5,209.09,1168.88,208.7,4358.23,209.1,2372.36
1756904148.9536417,1756904148313,1756904148313,208.9,868.91,208.91,647.2,208.89,2.39,208.92,1238.76,208.88,128.28,208.93,2578.21,208.87,595.82,208.94,901.28,208.86,328.77,208.95,847.7,208.85,723.13,208.96,1725.43,208.84,2824.37,208.97,1233.06,208.83,1489.06,208.98,807.18,208.82,664.92,208.99,2040.93,208.81,1567.02,209.0,1965.7,208.8,3578.96,209.01,1543.22,208.79,4608.5,209.02,2396.68,208.78,1679.92,209.03,1936.68,208.77,2280.8,209.04,922.02,208.76,1485.75,209.05,114.02,208.75,2834.87,209.06,559.47,208.74,1036.41,209.07,1650.65,208.73,1807.72,209.08,1879.67,208.72,1530.7,209.09,1168.88,208.71,1611.62,209.1,2372.36
1756904149.4355953,1756904148929,1756904148929,208.9,575.06,208.91,790.42,208.88,574.37,208.92,1226.61,208.87,21.5,208.93,2501.66,208.86,8.12,208.94,1417.19,208.85,471.96,208.95,468.73,208.84,1575.45,208.96,1367.33,208.83,359.05,208.97,1256.13,208.82,1045.58,208.98,2319.89,208.81,978.1,208.99,1466.84,208.8,3540.83,209.0,1984.27,208.79,4603.7,209.01,2308.58,208.78,1460.04,209.02,884.26,208.77,2256.84,209.03,3019.83,208.76,1498.21,209.04,935.86,208.75,2236.89,209.05,52.18,208.74,671.98,209.06,559.47,208.73,1588.62,209.07,673.76,208.72,1408.88,209.08,1879.67,208.71,1983.12,209.09,1168.88,208.7,4358.23,209.1,2372.36
1756904149.930865,1756904149443,1756904149443,208.9,528.02,208.91,1135.88,208.88,2.39,208.92,1240.38,208.87,21.5,208.93,2501.66,208.86,595.8,208.94,1394.79,208.85,876.5,208.95,551.56,208.84,1580.65,208.96,1367.33,208.83,933.53,208.97,1256.13,208.82,616.76,208.98,2260.36,208.81,1263.93,208.99,1466.84,208.8,3550.92,209.0,1984.27,208.79,4617.54,209.01,1882.95,208.78,1461.18,209.02,498.35,208.77,2256.84,209.03,3019.83,208.76,1063.21,209.04,935.86,208.75,2243.92,209.05,47.38,208.74,706.5,209.06,203.87,208.73,1960.1,209.07,673.76,208.72,2111.57,209.08,1879.67,208.71,2078.91,209.09,1168.88,208.7,4358.23,209.1,2405.63
1756904150.6057324,1756904150085,1756904150085,208.9,338.69,208.91,1270.65,208.88,2.39,208.92,1241.37,208.87,21.5,208.93,2489.08,208.86,595.8,208.94,1434.92,208.85,784.67,208.95,555.34,208.84,97.72,208.96,1367.33,208.83,740.11,208.97,2087.08,208.82,526.4,208.98,3590.53,208.81,1631.13,208.99,1437.16,208.8,3792.34,209.0,1243.05,208.79,4617.54,209.01,1882.95,208.78,1446.82,209.02,498.35,208.77,2256.84,209.03,3019.83,208.76,925.1,209.04,452.05,208.75,2248.71,209.05,22.82,208.74,706.5,209.06,203.87,208.73,1964.9,209.07,683.34,208.72,2019.84,209.08,1879.67,208.71,2078.91,209.09,1168.88,208.7,4358.23,209.1,2405.63
1756904150.9630618,1756904150531,1756904150531,208.9,0.12,208.91,1896.07,208.87,1.93,208.92,1238.8,208.86,582.48,208.93,2489.08,208.85,363.94,208.94,1497.11,208.84,122.89,208.95,555.34,208.83,747.34,208.96,1297.33,208.82,406.68,208.97,2566.1,208.81,1387.01,208.98,3644.53,208.8,2724.51,208.99,1416.87,208.79,3397.92,209.0,1264.44,208.78,1451.6,209.01,1870.04,208.77,3175.24,209.02,498.35,208.76,1459.85,209.03,3010.25,208.75,2223.01,209.04,418.5,208.74,1003.5,209.05,22.82,208.73,1598.22,209.06,203.87,208.72,2019.84,209.07,683.34,208.71,2113.23,209.08,1879.67,208.7,4412.23,209.09,1168.88,208.69,2485.6,209.1,2564.16
1756904151.668299,1756904151090,1756904151090,208.86,572.56,208.91,2394.23,208.85,396.83,208.92,1252.57,208.84,168.91,208.93,2489.08,208.83,672.83,208.94,1525.85,208.82,406.68,208.95,412.56,208.81,1387.01,208.96,1320.22,208.8,2946.9,208.97,3513.58,208.79,3525.65,208.98,3644.53,208.78,1442.03,208.99,1071.99,208.77,3175.24,209.0,1264.44,208.76,1938.87,209.01,1870.04,208.75,2261.68,209.02,498.35,208.74,1003.5,209.03,2908.97,208.73,1598.22,209.04,418.5,208.72,2383.38,209.05,57.5,208.71,2113.23,209.06,182.68,208.7,4445.1,209.07,683.34,208.69,2473.97,209.08,1879.67,208.68,239.92,209.09,1168.88,208.67,1196.93,209.1,2605.22
1756904152.1163914,1756904151677,1756904151677,208.86,1078.85,208.87,804.66,208.85,74.75,208.88,1436.23,208.84,466.64,208.89,2821.28,208.83,33.02,208.9,3344.87,208.82,395.53,208.91,1636.77,208.81,2315.89,208.92,1218.27,208.8,2956.47,208.93,2294.46,208.79,3525.65,208.94,1374.4,208.78,1442.03,208.95,462.56,208.77,3289.32,208.96,1993.51,208.76,1910.14,208.97,2555.54,208.75,2328.71,208.98,3075.19,208.74,1003.5,208.99,905.56,208.73,1821.71,209.0,1838.5,208.72,2397.78,209.01,1870.04,208.71,2113.23,209.02,821.54,208.7,4445.1,209.03,2908.97,208.69,2473.97,209.04,411.51,208.68,239.92,209.05,57.5,208.67,1196.93,209.06,168.34
1756904152.7599342,1756904152225,1756904152225,208.86,2638.12,208.87,321.97,208.85,117.78,208.88,36.57,208.84,44.43,208.89,479.02,208.83,475.81,208.9,1131.88,208.82,1049.98,208.91,1401.8,208.81,892.0,208.92,890.29,208.8,2678.74,208.93,1332.6,208.79,3568.52,208.94,846.5,208.78,1492.93,208.95,462.56,208.77,3464.21,208.96,1816.06,208.76,1914.93,208.97,2432.99,208.75,2328.71,208.98,1899.57,208.74,946.03,208.99,1320.01,208.73,1821.71,209.0,1838.5,208.72,2397.78,209.01,1580.65,208.71,2113.23,209.02,816.75,208.7,4445.1,209.03,3482.95,208.69,2473.37,209.04,411.51,208.68,239.92,209.05,46.84,208.67,1196.93,209.06,168.34
1756904153.2837358,1756904152757,1756904152757,208.86,2425.2,208.87,56.65,208.85,95.36,208.89,556.25,208.84,895.74,208.9,354.6,208.83,664.11,208.91,718.55,208.82,1258.12,208.92,269.25,208.81,892.0,208.93,1204.79,208.8,2135.97,208.94,789.82,208.79,3547.33,208.95,645.03,208.78,1492.93,208.96,1736.44,208.77,3435.48,208.97,1670.78,208.76,1914.93,208.98,1899.57,208.75,2328.71,208.99,1835.15,208.74,946.03,209.0,1838.5,208.73,1917.49,209.01,1580.65,208.72,2380.66,209.02,816.75,208.71,1645.94,209.03,3105.33,208.7,4445.1,209.04,411.51,208.69,2473.37,209.05,46.84,208.68,239.92,209.06,168.34,208.67,1192.13,209.07,673.76
1756904154.1508229,1756904153341,1756904153341,208.88,1212.15,208.89,488.87,208.87,1123.31,208.9,235.61,208.86,3161.72,208.91,718.55,208.85,265.89,208.92,569.94,208.84,216.31,208.93,1204.79,208.83,725.11,208.94,942.12,208.82,1171.45,208.95,462.05,208.81,787.03,208.96,1510.3,208.8,2121.35,208.97,1864.37,208.79,3502.74,208.98,2445.68,208.78,1442.03,208.99,1835.15,208.77,3435.48,209.0,1838.5,208.76,1914.93,209.01,1580.65,208.75,2328.71,209.02,816.75,208.74,946.03,209.03,3489.97,208.73,1917.49,209.04,411.51,208.72,2756.67,209.05,46.84,208.71,1578.93,209.06,168.34,208.7,4445.1,209.07,673.76,208.69,2473.37,209.08,1832.78
1756904154.3941376,1756904153831,1756904153831,208.88,3673.26,208.89,15.24,208.87,2236.0,208.9,128.81,208.86,1512.21,208.91,689.5,208.85,147.52,208.92,964.64,208.84,212.49,208.93,1099.16,208.83,810.76,208.94,1132.78,208.82,1208.35,208.95,471.42,208.81,1046.57,208.96,1557.02,208.8,3638.88,208.97,1927.24,208.79,3891.3,208.98,2081.47,208.78,1499.49,208.99,1835.15,208.77,3447.78,209.0,1838.5,208.76,1972.39,209.01,1594.89,208.75,2437.55,209.02,816.75,208.74,1298.16,209.03,3489.97,208.73,1342.69,209.04,422.71,208.72,1813.25,209.05,46.84,208.71,1282.58,209.06,168.34,208.7,4445.1,209.07,673.76,208.69,2473.37,209.08,1832.78
1756904154.781048,1756904154400,1756904154400,208.88,2296.13,208.89,13.86,208.87,641.25,208.9,128.81,208.86,697.6,208.91,679.08,208.85,127.05,208.92,1515.33,208.84,788.41,208.93,1111.16,208.83,810.53,208.94,1034.44,208.82,1434.87,208.95,483.91,208.81,990.6,208.96,1543.62,208.8,3745.0,208.97,1845.13,208.79,3891.3,208.98,2076.68,208.78,1442.03,208.99,1835.15,208.77,2968.76,209.0,1838.5,208.76,1480.91,209.01,1599.68,208.75,2475.95,209.02,816.75,208.74,1180.16,209.03,3489.97,208.73,1342.69,209.04,425.35,208.72,2666.89,209.05,38.7,208.71,1282.58,209.06,168.34,208.7,4445.1,209.07,673.76,208.69,2473.37,209.08,1832.78
1756904155.4109259,1756904154901,1756904154901,208.88,1965.71,208.89,62.83,208.87,143.63,208.9,433.66,208.86,450.14,208.91,667.74,208.85,279.99,208.92,1531.39,208.84,1190.73,208.93,1201.56,208.83,1241.18,208.94,1033.45,208.82,1434.87,208.95,469.32,208.81,1133.17,208.96,1752.85,208.8,3594.23,208.97,1992.64,208.79,3891.3,208.98,2076.68,208.78,1442.03,208.99,1835.15,208.77,2375.66,209.0,1838.5,208.76,1001.89,209.01,1599.68,208.75,2475.95,209.02,816.75,208.74,1180.16,209.03,3105.33,208.73,1342.69,209.04,418.5,208.72,2666.89,209.05,38.7,208.71,1282.58,209.06,168.34,208.7,4445.1,209.07,673.76,208.69,2473.37,209.08,1832.78
1756904155.7942634,1756904155411,1756904155411,208.88,1965.71,208.89,62.83,208.87,143.63,208.9,443.23,208.86,450.14,208.91,1066.25,208.85,279.99,208.92,1531.39,208.84,1190.73,208.93,1202.55,208.83,1250.75,208.94,1095.09,208.82,1449.23,208.95,456.84,208.81,1121.42,208.96,1752.85,208.8,3684.68,208.97,1992.64,208.79,3920.02,208.98,2076.68,208.78,1442.03,208.99,1835.15,208.77,2375.66,209.0,1838.5,208.76,1001.89,209.01,1599.68,208.75,2475.95,209.02,816.75,208.74,1180.16,209.03,3105.33,208.73,2092.0,209.04,418.5,208.72,3241.7,209.05,38.7,208.71,1282.58,209.06,168.34,208.7,4445.1,209.07,673.76,208.69,2473.37,209.08,1832.78
1756904156.319869,1756904155920,1756904155920,208.88,1937.28,208.89,72.4,208.87,143.63,208.9,633.98,208.86,464.6,208.91,1080.61,208.85,279.99,208.92,1560.1,208.84,1190.73,208.93,1202.55,208.83,1250.75,208.94,1082.04,208.82,1449.23,208.95,546.84,208.81,1096.11,208.96,1695.44,208.8,3594.23,208.97,1992.64,208.79,3891.3,208.98,2076.68,208.78,1467.71,208.99,1835.15,208.77,2433.12,209.0,1838.5,208.76,1001.89,209.01,1599.68,208.75,2475.95,209.02,816.75,208.74,1180.16,209.03,3498.97,208.73,2092.0,209.04,423.29,208.72,3145.91,209.05,38.7,208.71,1282.58,209.06,177.94,208.7,4445.1,209.07,673.76,208.69,2473.37,209.08,1830.39
1756904156.7526417,1756904156423,1756904156423,208.88,2224.46,208.89,72.4,208.87,143.63,208.9,433.66,208.86,123.21,208.91,1080.61,208.85,279.99,208.92,1539.99,208.84,1216.04,208.93,1173.84,208.83,1265.11,208.94,1082.04,208.82,1449.23,208.95,741.64,208.81,1096.11,208.96,1695.44,208.8,3713.4,208.97,1992.64,208.79,3903.14,208.98,2076.68,208.78,1531.55,208.99,1835.15,208.77,2433.12,209.0,1838.5,208.76,1001.89,209.01,1599.68,208.75,2475.95,209.02,816.75,208.74,1180.16,209.03,3498.97,208.73,2092.0,209.04,428.09,208.72,3145.91,209.05,38.7,208.71,1282.58,209.06,221.14,208.7,4445.1,209.07,673.76,208.69,2473.37,209.08,1832.78
1756904157.4187136,1756904156946,1756904156946,208.88,2361.1,208.89,13.86,208.87,173.41,208.9,443.23,208.86,123.21,208.91,1096.56,208.85,279.99,208.92,1544.04,208.84,1225.61,208.93,1173.84,208.83,1255.54,208.94,1158.24,208.82,1478.06,208.95,735.59,208.81,1124.83,208.96,1759.15,208.8,3637.57,208.97,1992.64,208.79,3903.14,208.98,2076.68,208.78,1531.55,208.99,1835.15,208.77,2375.66,209.0,1838.5,208.76,1001.89,209.01,1599.68,208.75,2447.12,209.02,816.75,208.74,1180.16,209.03,3498.97,208.73,2092.0,209.04,428.09,208.72,3131.29,209.05,51.54,208.71,1282.58,209.06,221.14,208.7,4445.1,209.07,673.76,208.69,2473.37,209.08,1832.78
1756904157.8260508,1756904157490,1756904157490,208.88,2386.1,208.89,9.38,208.87,143.63,208.9,433.66,208.86,123.21,208.91,840.15,208.85,878.1,208.92,1520.83,208.84,641.58,208.93,1172.85,208.83,1255.54,208.94,1145.19,208.82,1478.06,208.95,742.31,208.81,1096.11,208.96,1695.44,208.8,3505.63,208.97,1992.64,208.79,3903.14,208.98,2076.68,208.78,1481.55,208.99,1835.15,208.77,2375.66,209.0,1838.5,208.76,1001.89,209.01,1599.68,208.75,2447.12,209.02,816.75,208.74,1180.16,209.03,3498.97,208.73,2092.0,209.04,428.09,208.72,3131.29,209.05,51.54,208.71,1282.58,209.06,221.14,208.7,4445.1,209.07,673.76,208.69,2473.37,209.08,1832.78
1756904158.6792727,1756904158112,1756904158112,208.88,2420.76,208.89,7.97,208.87,173.41,208.9,441.85,208.86,300.84,208.91,458.36,208.85,780.24,208.92,1520.83,208.84,665.51,208.93,1201.56,208.83,1255.54,208.94,1159.23,208.82,1729.39,208.95,678.18,208.81,1031.24,208.96,1816.48,208.8,3505.63,208.97,1992.64,208.79,3903.14,208.98,2076.68,208.78,1455.87,208.99,1835.15,208.77,2375.66,209.0,1838.5,208.76,1001.89,209.01,1599.68,208.75,2447.12,209.02,816.75,208.74,1180.16,209.03,3498.97,208.73,2092.0,209.04,428.09,208.72,3131.29,209.05,51.54,208.71,1282.58,209.06,240.3,208.7,4445.1,209.07,673.76,208.69,2473.37,209.08,1832.78
1756904159.214049,1756904158812,1756904158812,208.88,2436.01,208.89,7.97,208.87,173.41,208.9,432.28,208.86,307.99,208.91,455.34,208.85,774.47,208.92,1519.45,208.84,729.44,208.93,1202.94,208.83,1262.69,208.94,1159.23,208.82,1729.39,208.95,678.18,208.81,824.82,208.96,1886.99,208.8,3520.0,208.97,1513.62,208.79,3903.14,208.98,2076.68,208.78,1455.87,208.99,1835.15,208.77,2375.66,209.0,1838.5,208.76,1001.89,209.01,1599.68,208.75,2447.12,209.02,816.75,208.74,1180.16,209.03,3498.97,208.73,2096.8,209.04,414.25,208.72,3131.29,209.05,51.54,208.71,1282.58,209.06,240.3,208.7,4445.1,209.07,673.76,208.69,2473.37,209.08,1832.78
1756904159.7873824,1756904159331,1756904159331,208.88,1495.96,208.89,312.63,208.87,143.63,208.9,620.8,208.86,598.21,208.91,735.44,208.85,200.05,208.92,1816.01,208.84,640.2,208.93,1258.32,208.83,1751.76,208.94,1497.61,208.82,1139.55,208.95,538.18,208.81,824.82,208.96,1264.66,208.8,4094.56,208.97,2087.74,208.79,3916.98,208.98,1981.01,208.78,1442.03,208.99,2122.18,208.77,2375.66,209.0,1743.46,208.76,1001.89,209.01,1599.68,208.75,2447.12,209.02,824.9,208.74,1180.16,209.03,2924.99,208.73,2096.8,209.04,414.25,208.72,3131.29,209.05,51.54,208.71,1282.58,209.06,240.3,208.7,4445.1,209.07,673.76,208.69,2473.37,209.08,1832.78
1756904160.3894806,1756904159852,1756904159852,208.88,2251.03,208.89,58.24,208.87,143.63,208.9,524.37,208.86,50.49,208.91,871.17,208.85,220.63,208.92,1521.01,208.84,352.98,208.93,1416.18,208.83,1080.5,208.94,1048.42,208.82,1153.91,208.95,457.64,208.81,810.45,208.96,1551.74,208.8,3601.17,208.97,1513.62,208.79,3916.98,208.98,2268.07,208.78,1442.03,208.99,2122.19,208.77,2375.66,209.0,1743.46,208.76,944.43,209.01,2173.71,208.75,2367.11,209.02,824.9,208.74,828.03,209.03,2924.99,208.73,2096.8,209.04,409.45,208.72,3131.29,209.05,51.54,208.71,1282.58,209.06,240.3,208.7,4445.1,209.07,673.76,208.69,2473.37,209.08,1832.78
1756904160.9261582,1756904160419,1756904160419,208.88,1383.59,208.89,117.07,208.87,143.63,208.9,714.25,208.86,881.57,208.91,1123.58,208.85,142.02,208.92,1526.05,208.84,331.49,208.93,1468.08,208.83,1080.5,208.94,1196.4,208.82,1445.6,208.95,443.38,208.81,1323.4,208.96,1551.74,208.8,3122.15,208.97,1609.3,208.79,3464.96,208.98,2268.07,208.78,1442.03,208.99,2122.19,208.77,3391.16,209.0,1743.46,208.76,1423.45,209.01,2173.71,208.75,2367.11,209.02,824.9,208.74,828.03,209.03,2531.35,208.73,2192.58,209.04,409.45,208.72,2755.28,209.05,51.54,208.71,1282.58,209.06,240.3,208.7,4445.1,209.07,673.76,208.69,176.33,209.08,1832.78
1756904161.3353927,1756904160960,1756904160960,208.88,760.37,208.89,1236.18,208.86,861.55,208.9,676.83,208.85,90.34,208.91,1623.89,208.84,332.87,208.92,1527.43,208.83,1105.8,208.93,1304.15,208.82,1217.57,208.94,1218.15,208.81,944.31,208.95,448.18,208.8,2496.96,208.96,1551.74,208.79,3424.12,208.97,1609.3,208.78,1519.11,208.98,3595.35,208.77,3494.32,208.99,1643.17,208.76,1423.45,209.0,1264.44,208.75,2367.11,209.01,2544.77,208.74,840.7,209.02,824.9,208.73,2192.58,209.03,2531.35,208.72,2755.28,209.04,423.29,208.71,1282.58,209.05,51.54,208.7,4133.51,209.06,240.3,208.69,176.33,209.07,683.34,208.68,239.92,209.08,1832.78
1756904161.924448,1756904161514,1756904161514,208.88,760.37,208.89,1280.72,208.86,863.95,208.9,823.19,208.85,76.57,208.91,1714.3,208.84,332.87,208.92,1567.85,208.83,1093.93,208.93,1605.63,208.82,1126.46,208.94,1227.75,208.81,888.56,208.95,448.18,208.8,2783.63,208.96,1287.55,208.79,3511.81,208.97,1889.16,208.78,1484.59,208.98,3953.03,208.77,3857.88,208.99,1479.64,208.76,1423.45,209.0,1264.44,208.75,2367.11,209.01,2544.77,208.74,840.7,209.02,824.9,208.73,2192.58,209.03,2531.35,208.72,2755.28,209.04,432.87,208.71,1282.58,209.05,51.54,208.7,4133.51,209.06,240.3,208.69,176.33,209.07,683.34,208.68,239.92,209.08,1832.78
1756904162.5663426,1756904162025,1756904162025,208.88,195.72,208.89,2997.46,208.85,12.0,208.9,1302.21,208.84,312.13,208.91,1569.94,208.83,21.22,208.92,1828.06,208.82,289.69,208.93,2614.5,208.81,1278.26,208.94,1176.53,208.8,1162.22,208.95,455.84,208.79,1943.54,208.96,1265.08,208.78,1463.66,208.97,1235.96,208.77,2970.4,208.98,2553.22,208.76,1448.6,208.99,858.13,208.75,395.93,209.0,1257.42,208.74,785.45,209.01,1204.71,208.73,1440.85,209.02,770.67,208.72,496.27,209.03,1563.33,208.71,1067.82,209.04,428.61,208.7,1691.4,209.05,51.64,208.69,631.42,209.06,2194.59,208.68,1676.98,209.07,673.76,208.67,1187.36,209.08,1832.88
1756904163.106194,1756904162570,1756904162570,208.84,24.9,208.85,1203.53,208.83,1.73,208.86,1521.73,208.82,14.44,208.87,1856.87,208.81,3.7,208.88,1665.27,208.8,1169.1,208.89,4170.42,208.79,1918.17,208.9,2249.09,208.78,691.81,208.91,1556.5,208.77,2487.37,208.92,2221.1,208.76,331.52,208.93,1753.14,208.75,295.64,208.94,1137.99,208.74,899.73,208.95,1540.84,208.73,232.24,208.96,1097.43,208.72,1058.9,208.97,951.32,208.71,1070.91,208.98,2373.69,208.7,1901.44,208.99,1505.79,208.69,152.4,209.0,443.77,208.68,718.94,209.01,733.62,208.67,517.11,209.02,442.68,208.66,1897.98,209.03,1549.49,208.65,5675.59,209.04,428.61
1756904164.1745217,1756904163284,1756904163284,208.84,256.23,208.85,2341.13,208.83,1.73,208.86,1842.6,208.82,1.0,208.87,3293.43,208.81,3.7,208.88,2691.85,208.8,618.14,208.89,2920.08,208.79,338.76,208.9,1618.09,208.78,678.38,208.91,1644.04,208.77,2534.28,208.92,1510.61,208.76,984.93,208.93,2629.07,208.75,491.51,208.94,992.39,208.74,1455.25,208.95,927.73,208.73,239.4,208.96,1096.44,208.72,2178.17,208.97,1193.31,208.71,1554.72,208.98,1806.7,208.7,1901.44,208.99,1334.6,208.69,208.66,209.0,341.42,208.68,1061.73,209.01,671.91,208.67,785.04,209.02,442.68,208.66,2377.0,209.03,1544.7,208.65,6154.61,209.04,414.26
1756904164.176569,1756904163687,1756904163687,208.84,303.28,208.85,2079.36,208.83,1.73,208.86,1581.25,208.82,3.39,208.87,1857.14,208.81,3.7,208.88,1082.83,208.8,618.14,208.89,2600.25,208.79,913.35,208.9,1305.84,208.78,33.87,208.91,1644.04,208.77,2273.71,208.92,936.33,208.76,984.93,208.93,2686.49,208.75,689.22,208.94,956.61,208.74,2002.07,208.95,927.73,208.73,234.6,208.96,1075.22,208.72,2173.37,208.97,999.72,208.71,1554.72,208.98,1783.23,208.7,1901.44,208.99,1334.6,208.69,208.66,209.0,341.42,208.68,750.5,209.01,671.91,208.67,794.64,209.02,442.68,208.66,2377.0,209.03,1544.7,208.65,6452.33,209.04,414.26
1756904164.5839376,1756904164188,1756904164188,208.84,283.31,208.85,2488.71,208.83,1.73,208.86,1362.59,208.82,3.39,208.87,1252.04,208.81,3.7,208.88,1042.37,208.8,43.57,208.89,3393.31,208.79,588.18,208.9,1305.84,208.78,97.67,208.91,1522.67,208.77,2273.71,208.92,936.33,208.76,966.14,208.93,2686.49,208.75,1185.3,208.94,1312.41,208.74,1973.34,208.95,927.73,208.73,876.76,208.96,1075.22,208.72,2173.37,208.97,999.72,208.71,2859.49,208.98,1783.23,208.7,1901.44,208.99,1317.51,208.69,208.66,209.0,341.42,208.68,750.5,209.01,671.91,208.67,794.64,209.02,442.68,208.66,4444.72,209.03,1544.7,208.65,6452.33,209.04,414.26
1756904165.2758965,1756904164750,1756904164750,208.84,236.35,208.85,2527.41,208.83,1.73,208.86,1099.44,208.82,3.39,208.87,1329.94,208.81,3.7,208.88,364.14,208.8,893.4,208.89,2721.24,208.79,13.59,208.9,1305.84,208.78,766.26,208.91,1863.35,208.77,2254.57,208.92,1980.8,208.76,1453.06,208.93,2636.49,208.75,1677.97,208.94,1312.41,208.74,1708.27,208.95,927.73,208.73,876.76,208.96,1075.22,208.72,2526.13,208.97,999.72,208.71,2802.01,208.98,1912.92,208.7,1901.44,208.99,1317.51,208.69,208.66,209.0,341.42,208.68,750.5,209.01,671.91,208.67,948.92,209.02,447.47,208.66,4444.72,209.03,1544.7,208.65,6452.33,209.04,414.26
1756904165.7642052,1756904165283,1756904165283,208.84,0.09,208.85,2683.92,208.83,0.27,208.86,1365.46,208.82,1.0,208.87,1328.53,208.81,3.7,208.88,1250.68,208.8,31.57,208.89,3013.41,208.79,578.18,208.9,1305.84,208.78,288.96,208.91,1920.77,208.77,2155.64,208.92,2325.3,208.76,1075.55,208.93,2636.49,208.75,1420.48,208.94,1307.41,208.74,1569.2,208.95,631.06,208.73,695.18,208.96,596.2,208.72,2496.77,208.97,980.56,208.71,3280.75,208.98,1904.18,208.7,1901.44,208.99,1303.67,208.69,273.3,209.0,341.42,208.68,990.33,209.01,1160.23,208.67,581.74,209.02,447.47,208.66,4439.93,209.03,1544.7,208.65,6488.09,209.04,399.89
1756904166.3853376,1756904165855,1756904165855,208.84,267.63,208.85,2488.73,208.83,0.27,208.86,1338.33,208.82,3.39,208.87,984.59,208.81,290.97,208.88,1250.68,208.8,205.02,208.89,2408.99,208.79,1218.04,208.9,1037.5,208.78,625.15,208.91,1935.5,208.77,2298.9,208.92,1846.28,208.76,624.51,208.93,2923.63,208.75,1316.2,208.94,1330.98,208.74,1820.6,208.95,969.08,208.73,730.98,208.96,1070.43,208.72,2573.42,208.97,980.03,208.71,3294.59,208.98,1885.55,208.7,1985.89,208.99,1303.67,208.69,215.82,209.0,522.11,208.68,990.33,209.01,1150.65,208.67,581.74,209.02,514.52,208.66,4801.56,209.03,1544.7,208.65,6204.74,209.04,409.47
1756904166.72361,1756904166327,1756904166327,208.84,653.93,208.85,1993.19,208.83,0.27,208.86,1488.33,208.82,3.39,208.87,984.59,208.81,351.29,208.88,1350.39,208.8,686.53,208.89,2466.72,208.79,1158.06,208.9,1090.8,208.78,649.08,208.91,1513.5,208.77,2434.42,208.92,1536.31,208.76,1230.21,208.93,3019.33,208.75,776.02,208.94,1330.98,208.74,1050.4,208.95,969.08,208.73,708.07,208.96,1070.43,208.72,2573.42,208.97,593.38,208.71,3294.59,208.98,1885.55,208.7,1985.89,208.99,1303.67,208.69,215.82,209.0,522.11,208.68,1004.73,209.01,1150.65,208.67,596.14,209.02,514.52,208.66,4801.56,209.03,1544.7,208.65,6168.98,209.04,409.47
1756904167.3029377,1756904166870,1756904166870,208.84,1096.85,208.85,1419.65,208.83,0.27,208.86,1346.08,208.82,90.68,208.87,1185.72,208.81,929.26,208.88,1367.82,208.8,673.1,208.89,2244.43,208.79,672.63,208.9,1029.0,208.78,636.1,208.91,1857.96,208.77,2681.43,208.92,1559.2,208.76,1006.28,208.93,2884.58,208.75,1945.86,208.94,1330.98,208.74,1050.4,208.95,969.07,208.73,681.07,208.96,1070.43,208.72,2615.99,208.97,1524.73,208.71,3280.75,208.98,1899.39,208.7,1985.89,208.99,1303.67,208.69,215.82,209.0,522.11,208.68,1352.95,209.01,1150.65,208.67,1453.53,209.02,514.52,208.66,4801.56,209.03,1547.09,208.65,6168.98,209.04,409.47
1756904167.8744164,1756904167414,1756904167414,208.84,653.83,208.85,1235.4,208.83,0.27,208.86,1258.09,208.82,577.86,208.87,1185.72,208.81,368.2,208.88,1350.39,208.8,405.38,208.89,2244.43,208.79,605.52,208.9,1095.67,208.78,624.1,208.91,1791.79,208.77,2677.61,208.92,1559.2,208.76,1006.28,208.93,2884.58,208.75,1881.1,208.94,1330.98,208.74,1050.4,208.95,969.07,208.73,681.07,208.96,1070.43,208.72,2615.99,208.97,1524.73,208.71,3280.75,208.98,1899.39,208.7,1985.89,208.99,1303.67,208.69,215.82,209.0,737.67,208.68,1352.95,209.01,1150.65,208.67,1453.53,209.02,514.52,208.66,4801.56,209.03,1547.09,208.65,6381.79,209.04,409.47
1756904168.404443,1756904167936,1756904167936,208.84,653.83,208.85,1235.4,208.83,0.27,208.86,1478.9,208.82,577.86,208.87,1185.72,208.81,304.4,208.88,1718.01,208.8,150.46,208.89,2249.22,208.79,605.52,208.9,1029.0,208.78,911.41,208.91,1504.64,208.77,2691.97,208.92,2076.04,208.76,1412.29,208.93,2884.58,208.75,1881.1,208.94,1553.29,208.74,1050.4,208.95,394.88,208.73,836.37,208.96,1070.43,208.72,2602.15,208.97,1153.67,208.71,3280.75,208.98,1899.39,208.7,1985.89,208.99,1303.67,208.69,563.88,209.0,737.67,208.68,1352.95,209.01,1171.34,208.67,1453.53,209.02,514.52,208.66,4801.56,209.03,1547.09,208.65,6381.79,209.04,409.47
1756904169.5692017,1756904168733,1756904168733,208.84,653.83,208.85,1198.38,208.83,0.27,208.86,1478.9,208.82,3.39,208.87,1254.96,208.81,18.59,208.88,1924.75,208.8,150.46,208.89,2250.66,208.79,400.82,208.9,1136.42,208.78,643.36,208.91,1504.64,208.77,2990.77,208.92,2090.28,208.76,1714.25,208.93,3171.69,208.75,2062.72,208.94,1349.52,208.74,1000.22,208.95,393.44,208.73,821.75,208.96,1070.43,208.72,2602.15,208.97,954.3,208.71,3316.68,208.98,1899.39,208.7,1985.89,208.99,1303.67,208.69,563.88,209.0,737.67,208.68,1353.22,209.01,1157.1,208.67,1453.53,209.02,514.52,208.66,4801.56,209.03,1547.09,208.65,6381.79,209.04,409.47
1756904169.7156153,1756904169062,1756904169062,208.83,0.27,208.85,2123.79,208.82,1.0,208.86,1478.9,208.81,5.16,208.87,1811.07,208.8,618.34,208.88,1637.57,208.79,132.91,208.89,2105.82,208.78,962.82,208.9,1136.42,208.77,2567.68,208.91,2078.95,208.76,1390.28,208.92,1516.02,208.75,2637.42,208.93,3171.69,208.74,1574.94,208.94,1353.07,208.73,680.29,208.95,393.44,208.72,2602.15,208.96,1070.43,208.71,3311.89,208.97,954.3,208.7,1985.89,208.98,1899.39,208.69,563.88,208.99,1303.67,208.68,1358.01,209.0,737.67,208.67,1472.73,209.01,1166.68,208.66,4801.56,209.02,514.52,208.65,6381.79,209.03,1567.28,208.64,1799.08,209.04,399.89
1756904169.9754686,1756904169573,1756904169573,208.83,0.27,208.84,4976.41,208.82,1.0,208.85,2578.51,208.81,7.55,208.86,1229.42,208.8,31.57,208.87,1743.29,208.79,11.11,208.88,1637.57,208.78,975.03,208.89,2080.82,208.77,2581.11,208.9,1136.42,208.76,1390.28,208.91,1959.87,208.75,2637.42,208.92,1852.59,208.74,1593.32,208.93,3166.91,208.73,680.29,208.94,1353.07,208.72,2602.15,208.95,623.65,208.71,3311.89,208.96,1091.67,208.7,1985.89,208.97,977.49,208.69,563.88,208.98,1921.98,208.68,1358.01,208.99,1356.0,208.67,1477.53,209.0,737.67,208.66,4801.56,209.01,1166.68,208.65,6381.79,209.02,514.52,208.64,1799.08,209.03,1555.23
1756904170.5042353,1756904170088,1756904170088,208.83,212.41,208.84,2815.03,208.82,1.0,208.85,1730.73,208.81,3.7,208.86,1319.19,208.8,33.03,208.87,1772.0,208.79,24.54,208.88,1389.29,208.78,2083.22,208.89,2080.82,208.77,2567.68,208.9,1537.73,208.76,1419.11,208.91,2112.3,208.75,2042.35,208.92,1852.59,208.74,1566.32,208.93,2918.83,208.73,703.2,208.94,1353.07,208.72,2602.15,208.95,637.35,208.71,3311.89,208.96,1164.82,208.7,2043.37,208.97,947.15,208.69,454.14,208.98,1904.18,208.68,1067.54,208.99,1356.0,208.67,1477.53,209.0,737.67,208.66,4801.56,209.01,1166.68,208.65,6551.88,209.02,506.37,208.64,1799.08,209.03,1532.74
1756904171.0190716,1756904170632,1756904170632,208.83,165.36,208.84,1455.13,208.82,1.0,208.85,1514.03,208.81,3.7,208.86,1175.21,208.8,173.27,208.87,1362.6,208.79,654.45,208.88,1389.25,208.78,1783.67,208.89,2442.0,208.77,2401.81,208.9,1396.49,208.76,1680.61,208.91,1537.99,208.75,2104.37,208.92,1852.59,208.74,1573.87,208.93,3014.55,208.73,741.84,208.94,1526.05,208.72,2573.42,208.95,1211.55,208.71,3311.89,208.96,1152.32,208.7,1993.75,208.97,947.15,208.69,454.14,208.98,1904.18,208.68,1067.54,208.99,1356.0,208.67,1477.53,209.0,737.67,208.66,4801.56,209.01,1166.68,208.65,6551.88,209.02,506.37,208.64,1799.08,209.03,1532.74
1756904171.5449436,1756904171169,1756904171169,208.83,212.41,208.84,1519.19,208.82,1.0,208.85,1514.03,208.81,3.7,208.86,1162.97,208.8,173.27,208.87,1349.55,208.79,654.45,208.88,1389.25,208.78,1783.67,208.89,2492.41,208.77,2392.24,208.9,1396.49,208.76,1690.18,208.91,1537.99,208.75,2104.37,208.92,1852.59,208.74,1573.87,208.93,3014.55,208.73,741.84,208.94,1526.05,208.72,2573.42,208.95,1211.55,208.71,3316.68,208.96,1152.32,208.7,1993.75,208.97,1285.4,208.69,454.14,208.98,1904.18,208.68,1062.75,208.99,1356.0,208.67,1477.53,209.0,737.67,208.66,4801.56,209.01,1166.68,208.65,6551.88,209.02,506.37,208.64,1799.08,209.03,1532.74
1756904172.103499,1756904171701,1756904171701,208.79,1533.42,208.8,661.92,208.78,1209.08,208.81,942.39,208.77,2406.6,208.82,1133.89,208.76,1685.4,208.83,1141.72,208.75,2104.37,208.84,1429.61,208.74,1573.87,208.85,1514.03,208.73,741.84,208.86,1162.97,208.72,2573.42,208.87,1349.55,208.71,3316.68,208.88,1389.25,208.7,2025.11,208.89,2497.19,208.69,454.14,208.9,1396.49,208.68,1062.75,208.91,1546.14,208.67,1477.53,208.92,1852.59,208.66,4801.56,208.93,3014.55,208.65,6551.88,208.94,1526.05,208.64,1799.08,208.95,1211.55,208.63,3312.69,208.96,1240.45,208.62,2167.03,208.97,1285.4,208.61,2659.6,208.98,1904.18,208.6,763.2,208.99,1356.0
1756904172.6082325,1756904172241,1756904172241,208.79,3163.35,208.8,315.27,208.78,634.44,208.81,478.9,208.77,2424.82,208.82,745.3,208.76,1402.86,208.83,1016.2,208.75,2104.37,208.84,745.2,208.74,1569.09,208.85,1467.71,208.73,713.11,208.86,1149.92,208.72,2577.47,208.87,1349.55,208.71,3311.89,208.88,1474.2,208.7,1967.63,208.89,2614.32,208.69,454.14,208.9,1401.27,208.68,1067.54,208.91,1393.71,208.67,1477.53,208.92,1857.38,208.66,4801.56,208.93,2987.55,208.65,6551.88,208.94,1526.05,208.64,1799.08,208.95,1211.55,208.63,3312.69,208.96,1235.66,208.62,2167.03,208.97,1285.4,208.61,2659.6,208.98,1890.34,208.6,763.2,208.99,1356.0
1756904173.278992,1756904172846,1756904172846,208.79,3429.88,208.83,356.89,208.78,638.26,208.84,132.59,208.77,2715.82,208.85,1467.71,208.76,1716.03,208.86,1149.92,208.75,2111.4,208.87,1349.55,208.74,1021.37,208.88,1321.68,208.73,703.36,208.89,2609.41,208.72,2587.26,208.9,1086.42,208.71,3511.83,208.91,1398.5,208.7,1967.63,208.92,1785.06,208.69,454.14,208.93,2987.55,208.68,1067.54,208.94,1526.05,208.67,1381.72,208.95,1211.55,208.66,4801.56,208.96,1235.66,208.65,6551.88,208.97,1290.19,208.64,1799.08,208.98,1890.34,208.63,3312.69,208.99,1356.0,208.62,2176.61,209.0,737.67,208.61,2664.39,209.01,664.01,208.6,763.2,209.02,501.58
1756904173.992676,1756904173416,1756904173416,208.82,2348.63,208.83,339.24,208.81,1413.55,208.84,494.57,208.8,1290.03,208.85,1442.71,208.79,1729.31,208.86,1149.92,208.78,638.26,208.87,1362.6,208.77,2789.19,208.88,1335.13,208.76,1672.58,208.89,2429.09,208.75,1844.88,208.9,1153.01,208.74,1021.37,208.91,1398.5,208.73,208.4,208.92,1793.71,208.72,2622.88,208.93,2987.55,208.71,3511.83,208.94,1526.05,208.7,1967.63,208.95,1211.55,208.69,454.14,208.96,1235.66,208.68,1163.35,208.97,1290.19,208.67,1381.72,208.98,1904.18,208.66,4801.56,208.99,1356.0,208.65,6551.88,209.0,589.81,208.64,1799.08,209.01,668.8,208.63,3312.69,209.02,501.58
1756904174.4463613,1756904173978,1756904173978,208.82,985.23,208.83,334.5,208.81,1023.51,208.84,287.38,208.8,162.88,208.85,1142.27,208.79,400.74,208.86,1151.94,208.78,765.32,208.87,1243.08,208.77,3480.17,208.88,1622.32,208.76,819.21,208.89,2304.12,208.75,2943.22,208.9,1603.31,208.74,1793.05,208.91,1551.2,208.73,121.14,208.92,1506.57,208.72,2840.75,208.93,2126.18,208.71,2211.85,208.94,2100.28,208.7,3924.89,208.95,637.35,208.69,454.14,208.96,1522.74,208.68,1425.6,208.97,915.43,208.67,1409.09,208.98,1904.18,208.66,2843.93,208.99,1377.24,208.65,6551.88,209.0,589.81,208.64,1799.08,209.01,668.8,208.63,3312.69,209.02,501.58
1756904174.9894538,1756904174527,1756904174527,208.82,2225.81,208.83,361.56,208.8,123.46,208.84,287.38,208.79,471.86,208.85,1092.92,208.78,913.79,208.86,1257.51,208.77,2931.07,208.87,1414.37,208.76,1103.4,208.88,1623.31,208.75,3123.03,208.89,2252.92,208.74,1793.05,208.9,1029.0,208.73,429.26,208.91,1977.25,208.72,2467.17,208.92,2080.85,208.71,2812.76,208.93,2250.77,208.7,3924.89,208.94,1927.3,208.69,454.14,208.95,673.07,208.68,1521.4,208.96,1195.33,208.67,821.81,208.97,1292.8,208.66,2843.93,208.98,1904.18,208.65,6551.88,208.99,1356.0,208.64,1799.08,209.0,589.81,208.63,2931.92,209.01,668.8,208.62,2191.23,209.02,501.58
1756904175.4981866,1756904175031,1756904175031,208.82,1651.28,208.83,385.39,208.8,599.52,208.84,464.1,208.79,522.54,208.85,1107.28,208.78,913.79,208.86,1257.51,208.77,2928.64,208.87,1414.37,208.76,1117.77,208.88,1622.32,208.75,3123.03,208.89,2252.92,208.74,1917.71,208.9,1029.0,208.73,429.26,208.91,1977.25,208.72,2530.49,208.92,2080.85,208.71,2812.76,208.93,2250.77,208.7,3924.89,208.94,1927.3,208.69,565.02,208.95,673.07,208.68,1456.05,208.96,1285.68,208.67,821.81,208.97,1292.8,208.66,2843.93,208.98,1904.18,208.65,6934.67,208.99,1356.0,208.64,1799.08,209.0,589.81,208.63,2931.92,209.01,668.8,208.62,2191.23,209.02,501.58
1756904175.9537957,1756904175548,1756904175548,208.8,406.54,208.83,385.39,208.79,500.79,208.84,530.02,208.78,913.79,208.85,1205.93,208.77,3000.11,208.86,1257.51,208.76,1117.77,208.87,1415.36,208.75,3137.4,208.88,1622.32,208.74,1917.71,208.89,2252.92,208.73,607.16,208.9,1029.0,208.72,2483.69,208.91,1977.25,208.71,2812.76,208.92,2080.85,208.7,3924.89,208.93,2250.77,208.69,565.02,208.94,1927.3,208.68,1456.05,208.95,673.07,208.67,821.81,208.96,1285.68,208.66,2843.93,208.97,915.43,208.65,6551.88,208.98,1904.18,208.64,1799.08,208.99,1356.0,208.63,2931.92,209.0,589.81,208.62,2191.23,209.01,668.8,208.61,2659.6,209.02,501.58
1756904176.5447037,1756904176088,1756904176088,208.8,468.2,208.81,101.09,208.79,166.62,208.83,467.98,208.78,927.22,208.84,625.81,208.77,2411.09,208.85,1495.6,208.76,883.01,208.86,1194.53,208.75,2562.68,208.87,1415.36,208.74,1853.91,208.88,1775.13,208.73,622.04,208.89,2185.76,208.72,2483.69,208.9,1029.0,208.71,2812.76,208.91,1977.25,208.7,3924.89,208.92,1868.74,208.69,565.02,208.93,2250.77,208.68,1502.31,208.94,1353.07,208.67,821.81,208.95,673.07,208.66,2843.93,208.96,1195.33,208.65,6551.88,208.97,1294.48,208.64,2187.86,208.98,1890.34,208.63,2931.92,208.99,1356.0,208.62,2181.65,209.0,589.81,208.61,2659.6,209.01,673.6
1756904177.039548,1756904176650,1756904176650,208.8,1688.98,208.81,101.09,208.79,166.62,208.83,416.76,208.78,1501.86,208.84,640.17,208.77,2513.26,208.85,1495.6,208.76,1472.08,208.86,1207.58,208.75,2562.68,208.87,1505.71,208.74,1853.91,208.88,2305.65,208.73,622.04,208.89,2185.76,208.72,2467.17,208.9,1029.0,208.71,2812.76,208.91,1824.55,208.7,3924.89,208.92,2443.01,208.69,565.02,208.93,2250.77,208.68,1502.31,208.94,1927.28,208.67,821.81,208.95,673.07,208.66,2843.93,208.96,1286.19,208.65,6551.88,208.97,1294.48,208.64,2187.86,208.98,1890.34,208.63,2931.92,208.99,1356.0,208.62,2181.65,209.0,589.81,208.61,2659.6,209.01,673.6
1756904177.9030108,1756904177258,1756904177258,208.8,41.57,208.81,578.57,208.78,23.96,208.82,30.82,208.77,1907.56,208.83,121.33,208.76,932.68,208.84,742.12,208.75,2330.54,208.85,1517.97,208.74,1623.36,208.86,1107.07,208.73,845.43,208.87,2039.69,208.72,3329.35,208.88,1775.13,208.71,2750.49,208.89,2190.55,208.7,1913.63,208.9,2464.81,208.69,565.02,208.91,1537.4,208.68,581.83,208.92,2420.13,208.67,821.81,208.93,2155.07,208.66,2843.93,208.94,1353.07,208.65,6588.06,208.95,637.35,208.64,2187.86,208.96,999.11,208.63,2985.92,208.97,1294.48,208.62,2181.65,208.98,1890.34,208.61,2659.6,208.99,1356.0,208.6,763.2,209.0,575.46
1756904178.2546954,1756904177788,1756904177788,208.8,1101.81,208.81,413.98,208.79,289.69,208.82,27.0,208.78,1141.96,208.83,144.13,208.77,2115.5,208.84,891.1,208.76,1750.99,208.85,1340.15,208.75,2344.91,208.86,1134.63,208.74,790.0,208.87,1505.71,208.73,868.34,208.88,2008.1,208.72,2754.56,208.89,2436.9,208.71,2207.06,208.9,1316.16,208.7,1901.19,208.91,1633.1,208.69,251.95,208.92,2420.13,208.68,581.83,208.93,2442.2,208.67,917.62,208.94,1927.3,208.66,2843.93,208.95,637.35,208.65,7306.16,208.96,1035.21,208.64,2187.86,208.97,1294.48,208.63,3000.29,208.98,1890.34,208.62,2181.65,208.99,1356.0,208.61,2664.39,209.0,575.46
1756904179.5358222,1756904178347,1756904178347,208.8,1676.34,208.81,413.7,208.79,289.69,208.82,92.25,208.78,1141.96,208.83,102.89,208.77,2292.78,208.84,791.1,208.76,1190.79,208.85,1340.15,208.75,2110.08,208.86,1121.58,208.74,1015.38,208.87,1505.71,208.73,868.34,208.88,2161.06,208.72,2768.93,208.89,2264.6,208.71,2207.06,208.9,1339.06,208.7,1901.19,208.91,1633.1,208.69,251.95,208.92,2420.13,208.68,581.83,208.93,2442.2,208.67,917.62,208.94,1927.3,208.66,2843.93,208.95,637.35,208.65,7306.16,208.96,1035.21,208.64,2187.86,208.97,1294.48,208.63,3000.29,208.98,1890.34,208.62,2181.65,208.99,1356.0,208.61,2664.39,209.0,556.89
1756904179.5368636,1756904178943,1756904178943,208.83,139.56,208.84,227.95,208.82,167.2,208.85,7.03,208.81,1145.25,208.86,33.67,208.8,2859.78,208.87,337.37,208.79,461.57,208.88,128.2,208.78,1314.67,208.89,861.4,208.77,2957.2,208.9,1148.34,208.76,1237.04,208.91,1053.59,208.75,2502.32,208.92,1318.18,208.74,1021.36,208.93,804.9,208.73,859.27,208.94,997.27,208.72,3873.04,208.95,1934.63,208.71,2322.71,208.96,850.42,208.7,2333.8,208.97,2162.66,208.69,244.79,208.98,1896.97,208.68,3137.47,208.99,1930.08,208.67,821.81,209.0,322.91,208.66,2254.82,209.01,248.32,208.65,6321.52,209.02,503.97,208.64,1320.06,209.03,1530.35
1756904180.006141,1756904179549,1756904179549,208.85,482.38,208.86,129.53,208.84,86.72,208.87,190.82,208.83,139.56,208.88,1047.25,208.82,1859.02,208.89,1215.21,208.81,3036.62,208.9,1747.53,208.8,715.11,208.91,1143.31,208.79,496.27,208.92,861.18,208.78,1594.02,208.93,1249.76,208.77,2628.51,208.94,1866.19,208.76,1217.77,208.95,2940.74,208.75,3296.79,208.96,1042.36,208.74,988.05,208.97,1939.21,208.73,884.77,208.98,1896.97,208.72,2334.54,208.99,1787.93,208.71,1779.43,209.0,231.82,208.7,2429.6,209.01,248.32,208.69,1071.57,209.02,503.97,208.68,3549.34,209.03,1530.35,208.67,1222.35,209.04,399.89,208.66,1893.19,209.05,693.36
1756904180.5883276,1756904180092,1756904180092,208.85,75.19,208.86,484.19,208.84,2.39,208.87,645.51,208.83,574.48,208.88,1575.71,208.82,1040.97,208.89,1421.64,208.81,1786.75,208.9,2146.74,208.8,495.6,208.91,899.88,208.79,805.58,208.92,939.18,208.78,2363.25,208.93,1658.21,208.77,2929.07,208.94,2341.39,208.76,1396.88,208.95,3210.67,208.75,3339.57,208.96,1224.42,208.74,1001.4,208.97,1939.21,208.73,844.78,208.98,1896.97,208.72,2339.34,208.99,1724.86,208.71,2176.44,209.0,174.78,208.7,2422.9,209.01,251.67,208.69,1081.17,209.02,503.97,208.68,4017.28,209.03,1530.35,208.67,743.33,209.04,418.5,208.66,1893.19,209.05,693.36
1756904180.999101,1756904180619,1756904180619,208.85,44.22,208.86,265.12,208.84,2.39,208.87,855.09,208.82,1026.58,208.88,1455.48,208.81,1850.65,208.89,1433.64,208.8,530.9,208.9,2146.74,208.79,1090.11,208.91,899.88,208.78,2363.25,208.92,939.18,208.77,2810.4,208.93,1658.21,208.76,1382.51,208.94,2346.17,208.75,3281.9,208.95,3210.67,208.74,984.0,208.96,1224.42,208.73,787.31,208.97,1939.21,208.72,2339.34,208.98,1896.97,208.71,2176.44,208.99,1718.89,208.7,2327.1,209.0,179.57,208.69,1081.17,209.01,265.51,208.68,4017.28,209.02,503.97,208.67,743.33,209.03,1530.35,208.66,1893.19,209.04,418.5,208.65,5888.4,209.05,693.36
1756904181.6165292,1756904181165,1756904181165,208.85,44.22,208.86,205.45,208.84,2.39,208.87,842.04,208.83,63.8,208.88,1469.84,208.82,1039.35,208.89,1433.64,208.81,1807.45,208.9,1623.29,208.8,530.9,208.91,1284.2,208.79,1091.04,208.92,1226.32,208.78,2377.61,208.93,1083.98,208.77,2927.48,208.94,2346.17,208.76,1390.15,208.95,3210.68,208.75,3281.9,208.96,1224.42,208.74,967.13,208.97,2513.34,208.73,787.31,208.98,1896.97,208.72,2344.14,208.99,1753.62,208.71,2238.71,209.0,179.57,208.7,2327.1,209.01,265.51,208.69,1081.17,209.02,503.97,208.68,4017.28,209.03,1530.35,208.67,743.33,209.04,418.5,208.66,1893.19,209.05,693.36
1756904182.1330793,1756904181705,1756904181705,208.85,1323.65,208.86,168.04,208.84,26.53,208.87,446.07,208.83,558.89,208.88,917.5,208.82,1058.97,208.89,1027.23,208.81,1520.19,208.9,1167.36,208.8,1774.07,208.91,1017.39,208.79,779.49,208.92,803.04,208.78,1509.92,208.93,1180.29,208.77,2907.91,208.94,2633.28,208.76,829.84,208.95,2923.58,208.75,3281.9,208.96,1224.42,208.74,1059.66,208.97,2134.31,208.73,787.31,208.98,1896.97,208.72,2344.14,208.99,2327.71,208.71,2238.71,209.0,179.57,208.7,2327.1,209.01,265.51,208.69,1081.17,209.02,503.97,208.68,4017.28,209.03,1745.02,208.67,743.33,209.04,418.5,208.66,1893.19,209.05,693.36
1756904182.8423421,1756904182322,1756904182322,208.86,1536.88,208.89,2.61,208.85,3505.13,208.91,27.0,208.84,179.23,208.92,527.6,208.83,688.63,208.93,1388.19,208.82,776.22,208.94,1727.9,208.81,2180.11,208.95,1088.78,208.8,260.19,208.96,671.99,208.79,818.83,208.97,823.42,208.78,2141.64,208.98,1672.88,208.77,3130.66,208.99,1508.21,208.76,960.82,209.0,466.6,208.75,3188.11,209.01,304.36,208.74,1003.93,209.02,790.97,208.73,2737.26,209.03,2588.12,208.72,1028.29,209.04,705.47,208.71,2591.2,209.05,1234.46,208.7,2060.52,209.06,2633.43,208.69,1010.54,209.07,692.54,208.68,2849.29,209.08,2037.29,208.67,622.56,209.09,1544.77
1756904183.3661196,1756904182829,1756904182829,208.88,550.84,208.89,1.23,208.87,648.07,208.92,312.28,208.86,6141.41,208.93,646.37,208.85,859.16,208.94,1157.98,208.84,1018.53,208.95,1316.47,208.83,669.98,208.96,547.97,208.82,1450.96,208.97,1141.26,208.81,2150.5,208.98,991.49,208.8,340.59,208.99,1110.96,208.79,907.22,209.0,888.51,208.78,2083.35,209.01,770.45,208.77,3130.66,209.02,2272.34,208.76,1096.57,209.03,2588.12,208.75,2660.68,209.04,881.36,208.74,1679.92,209.05,1234.46,208.73,2546.99,209.06,169.96,208.72,788.73,209.07,1645.85,208.71,2071.45,209.08,1612.16,208.7,1634.61,209.09,1070.35,208.69,1010.54,209.1,2348.39
1756904184.2323537,1756904183495,1756904183495,208.88,3187.83,208.89,0.75,208.87,1786.25,208.92,322.86,208.86,1623.02,208.93,584.41,208.85,371.36,208.94,1301.14,208.84,1370.14,208.95,1404.41,208.83,1647.57,208.96,315.99,208.82,1881.71,208.97,1416.01,208.81,1950.68,208.98,991.5,208.8,357.47,208.99,1226.43,208.79,716.41,209.0,973.32,208.78,2086.75,209.01,1131.47,208.77,2817.9,209.02,2774.24,208.76,827.66,209.03,3062.36,208.75,3231.2,209.04,917.04,208.74,1707.29,209.05,671.09,208.73,578.06,209.06,559.1,208.72,774.36,209.07,1645.85,208.71,1717.64,209.08,1612.16,208.7,1641.11,209.09,1070.35,208.69,764.1,209.1,2348.39
1756904184.4220111,1756904183934,1756904183934,208.88,2900.64,208.89,0.75,208.87,697.98,208.92,322.86,208.86,2118.21,208.93,602.69,208.85,371.36,208.94,1296.35,208.84,1370.14,208.95,1314.02,208.83,2194.52,208.96,432.18,208.82,1881.71,208.97,995.34,208.81,1950.68,208.98,1372.64,208.8,357.47,208.99,1219.99,208.79,706.65,209.0,973.32,208.78,1905.21,209.01,1799.94,208.77,2817.9,209.02,2774.24,208.76,832.46,209.03,3062.36,208.75,3224.43,209.04,917.04,208.74,1059.9,209.05,671.09,208.73,260.03,209.06,563.9,208.72,332.04,209.07,1645.85,208.71,1717.64,209.08,1698.45,208.7,1641.11,209.09,1084.72,208.69,764.1,209.1,2348.39
1756904184.946898,1756904184469,1756904184469,208.88,2014.77,208.89,0.75,208.87,1090.88,208.91,325.27,208.86,1726.71,208.92,66.19,208.85,1606.25,208.93,1101.41,208.84,2070.4,208.94,1296.35,208.83,1186.53,208.95,1615.46,208.82,1972.2,208.96,1260.01,208.81,1926.01,208.97,1436.49,208.8,1588.95,208.98,996.28,208.79,673.14,208.99,1754.06,208.78,1435.77,209.0,633.68,208.77,2338.88,209.01,1804.73,208.76,832.46,209.02,3008.53,208.75,2840.95,209.03,2488.39,208.74,1538.92,209.04,751.69,208.73,260.03,209.05,97.17,208.72,332.04,209.06,573.48,208.71,1229.05,209.07,1678.62,208.7,1641.11,209.08,1775.07,208.69,764.1,209.09,1099.09
1756904185.572287,1756904185058,1756904185058,208.9,287.01,208.91,14.36,208.89,148.5,208.92,227.09,208.88,1922.19,208.93,971.04,208.87,1090.88,208.94,1424.72,208.86,1878.44,208.95,1524.04,208.85,1880.72,208.96,1350.4,208.84,2131.38,208.97,1435.51,208.83,1195.49,208.98,996.28,208.82,1972.2,208.99,1970.42,208.81,2790.29,209.0,1095.05,208.8,2575.65,209.01,1804.73,208.79,504.54,209.02,3008.53,208.78,1244.96,209.03,2488.39,208.77,2343.67,209.04,746.9,208.76,1190.9,209.05,97.17,208.75,2840.95,209.06,853.94,208.74,2096.11,209.07,1678.62,208.73,260.03,209.08,1779.86,208.72,332.04,209.09,1601.64,208.71,1229.05,209.1,4512.74
1756904186.004173,1756904185524,1756904185524,208.9,1416.88,208.91,38.28,208.89,440.73,208.92,602.06,208.88,69.56,208.93,667.14,208.87,592.5,208.94,1436.22,208.86,2324.19,208.95,1519.14,208.85,1422.49,208.96,808.09,208.84,2002.85,208.97,1993.68,208.83,1195.49,208.98,1211.96,208.82,1976.98,208.99,1453.47,208.81,3041.7,209.0,984.47,208.8,2546.93,209.01,2378.77,208.79,409.14,209.02,3008.53,208.78,1187.5,209.03,2488.39,208.77,4425.34,209.04,746.9,208.76,1190.9,209.05,170.96,208.75,3188.21,209.06,867.78,208.74,2096.11,209.07,1655.43,208.73,260.03,209.08,1779.86,208.72,479.52,209.09,1601.64,208.71,1238.62,209.1,4512.74
1756904186.653633,1756904186129,1756904186129,208.88,2.39,208.89,3374.88,208.85,766.38,208.9,3278.99,208.84,595.84,208.91,2807.23,208.83,1134.33,208.92,534.5,208.82,960.57,208.93,1673.6,208.81,2591.97,208.94,1759.01,208.8,770.48,208.95,2478.29,208.79,1357.36,208.96,768.64,208.78,1392.36,208.97,2741.31,208.77,3407.62,208.98,2144.76,208.76,891.16,208.99,2377.84,208.75,2353.87,209.0,1068.33,208.74,663.85,209.01,1330.49,208.73,107.31,209.02,1185.56,208.72,479.52,209.03,2507.43,208.71,1708.07,209.04,424.25,208.7,1773.92,209.05,184.8,208.69,764.1,209.06,849.16,208.68,2810.89,209.07,688.12,208.67,635.03,209.08,1779.86
1756904187.1853867,1756904186623,1756904186623,208.85,191.95,208.86,655.19,208.84,449.38,208.87,478.76,208.83,1086.03,208.88,646.3,208.82,964.39,208.89,3968.3,208.81,2047.59,208.9,2962.35,208.8,1174.98,208.91,1366.36,208.79,1316.52,208.92,1006.83,208.78,1364.93,208.93,1378.84,208.77,2956.16,208.94,1909.65,208.76,2674.64,208.95,1842.62,208.75,2164.19,208.96,773.54,208.74,585.02,208.97,3027.21,208.73,189.16,208.98,2064.76,208.72,604.79,208.99,1707.94,208.71,3674.84,209.0,793.75,208.7,2856.21,209.01,801.45,208.69,1338.92,209.02,1162.78,208.68,2810.89,209.03,2521.27,208.67,608.16,209.04,461.86,208.66,1883.59,209.05,170.96
1756904187.6165466,1756904187161,1756904187161,208.85,1515.37,208.86,816.94,208.84,41.27,208.87,430.5,208.83,537.02,208.88,848.37,208.82,732.22,208.89,2057.41,208.81,2192.79,208.9,1371.86,208.8,1226.28,208.91,1567.74,208.79,1286.24,208.92,1165.08,208.78,943.05,208.93,1364.06,208.77,3713.4,208.94,1632.12,208.76,3627.88,208.95,1961.47,208.75,2149.79,208.96,1358.26,208.74,597.93,208.97,2466.01,208.73,310.1,208.98,1889.08,208.72,1534.23,208.99,2042.77,208.71,4106.08,209.0,895.99,208.7,3492.43,209.01,1138.09,208.69,1338.92,209.02,1167.57,208.68,2843.77,209.03,2507.43,208.67,608.16,209.04,437.5,208.66,1883.59,209.05,57.39
1756904188.1233468,1756904187689,1756904187689,208.85,1403.51,208.86,793.02,208.84,30.74,208.87,206.59,208.83,1046.01,208.88,475.51,208.82,732.22,208.89,816.65,208.81,1905.52,208.9,1371.86,208.8,1226.28,208.91,1723.71,208.79,1215.56,208.92,418.46,208.78,943.05,208.93,1321.31,208.77,3745.86,208.94,2367.96,208.76,3644.18,208.95,2253.35,208.75,2129.39,208.96,1358.26,208.74,623.0,208.97,2466.01,208.73,297.55,208.98,1881.82,208.72,1730.15,208.99,1961.89,208.71,4106.08,209.0,895.99,208.7,3272.4,209.01,1138.09,208.69,1243.12,209.02,1167.57,208.68,2843.77,209.03,2512.22,208.67,612.95,209.04,437.5,208.66,1883.59,209.05,57.39
1756904189.3097966,1756904188375,1756904188375,208.85,1751.54,208.86,719.8,208.84,48.01,208.87,206.59,208.83,385.5,208.88,479.58,208.82,932.88,208.89,805.77,208.81,2175.75,208.9,1435.67,208.8,1536.69,208.91,1463.96,208.79,1215.56,208.92,354.39,208.78,943.05,208.93,1488.72,208.77,3717.13,208.94,1668.48,208.76,3412.64,208.95,2253.35,208.75,2186.85,208.96,1107.54,208.74,595.63,208.97,2937.75,208.73,297.55,208.98,2507.82,208.72,1730.15,208.99,1961.89,208.71,4106.08,209.0,895.99,208.7,3267.38,209.01,1138.09,208.69,1243.12,209.02,1167.57,208.68,2843.77,209.03,2512.22,208.67,612.95,209.04,447.51,208.66,1883.59,209.05,57.39
1756904189.5494845,1756904188783,1756904188783,208.85,2038.67,208.86,621.66,208.84,642.51,208.88,387.58,208.83,143.26,208.89,510.27,208.82,915.63,208.9,963.8,208.81,2179.42,208.91,1463.96,208.8,1034.13,208.92,354.39,208.79,1242.56,208.93,1488.72,208.78,947.1,208.94,1668.48,208.77,3694.22,208.95,1766.67,208.76,2108.18,208.96,1107.54,208.75,2199.1,208.97,2937.75,208.74,595.63,208.98,2507.82,208.73,302.35,208.99,1387.81,208.72,1730.15,209.0,895.99,208.71,4585.1,209.01,1712.13,208.7,3267.38,209.02,1167.57,208.69,1243.12,209.03,2512.22,208.68,2843.77,209.04,447.51,208.67,622.52,209.05,57.39,208.66,1883.59,209.06,184.36
1756904189.870163,1756904189395,1756904189395,208.85,1751.45,208.86,94.99,208.84,68.03,208.88,301.89,208.83,337.35,208.89,462.83,208.82,1158.01,208.9,963.8,208.81,2008.52,208.91,1622.5,208.8,492.92,208.92,833.41,208.79,1265.47,208.93,1833.6,208.78,943.05,208.94,950.87,208.77,3421.27,208.95,1747.55,208.76,2417.94,208.96,1107.54,208.75,2141.64,208.97,2937.75,208.74,600.43,208.98,2839.86,208.73,321.55,208.99,1387.81,208.72,1730.15,209.0,895.99,208.71,4585.1,209.01,1712.13,208.7,3267.38,209.02,1167.57,208.69,1243.12,209.03,2512.22,208.68,2843.77,209.04,447.51,208.67,622.52,209.05,57.39,208.66,1883.59,209.06,184.36
1756904190.5803094,1756904189992,1756904189992,208.85,143.64,208.86,2806.47,208.84,19.11,208.87,213.01,208.83,9.12,208.88,792.09,208.81,286.95,208.89,1287.11,208.8,0.25,208.9,2716.76,208.79,19.15,208.91,3252.68,208.78,28.99,208.92,840.23,208.77,740.3,208.93,1786.47,208.76,18.0,208.94,1086.53,208.75,532.36,208.95,968.11,208.74,111.92,208.96,671.71,208.73,1128.56,208.97,842.24,208.72,1174.39,208.98,2828.15,208.71,2343.44,208.99,908.79,208.7,637.89,209.0,487.6,208.69,675.44,209.01,778.56,208.68,515.66,209.02,3067.73,208.67,169.18,209.03,1544.72,208.66,1735.8,209.04,409.9,208.65,5845.55,209.05,71.76
1756904191.007824,1756904190494,1756904190494,208.8,574.83,208.81,766.18,208.79,12.0,208.82,766.16,208.78,0.27,208.83,1340.73,208.77,568.46,208.84,1627.99,208.76,1187.82,208.85,1627.92,208.75,169.63,208.86,3378.14,208.74,41.67,208.87,1006.82,208.73,177.79,208.88,867.3,208.72,1418.54,208.89,1050.62,208.71,2012.84,208.9,2715.38,208.7,581.72,208.91,3257.44,208.69,673.0,208.92,360.22,208.68,506.06,208.93,1826.65,208.67,170.87,208.94,1021.37,208.66,1742.96,208.95,496.75,208.65,5932.24,208.96,626.77,208.64,1368.25,208.97,792.26,208.63,680.61,208.98,2799.38,208.62,2154.05,208.99,801.18,208.61,98.04,209.0,419.1
1756904191.7359483,1756904191031,1756904191031,208.78,6.84,208.79,784.03,208.77,102.08,208.8,460.27,208.76,1495.89,208.81,1695.62,208.75,1386.91,208.82,679.98,208.74,293.15,208.83,1260.64,208.73,198.78,208.84,1733.98,208.72,740.15,208.85,2248.07,208.71,2349.66,208.86,2254.32,208.7,3209.13,208.87,869.91,208.69,650.39,208.88,1764.68,208.68,784.82,208.89,1481.83,208.67,248.91,208.9,2038.71,208.66,3757.9,208.91,2896.05,208.65,6222.18,208.92,1150.24,208.64,2140.83,208.93,1394.0,208.63,1534.38,208.94,285.72,208.62,1749.61,208.95,1220.53,208.61,2198.66,208.96,208.06,208.6,242.52,208.97,804.98,208.59,444.09,208.98,2598.0
1756904192.0226734,1756904191607,1756904191607,208.78,3382.13,208.79,167.18,208.77,1568.05,208.82,12.78,208.76,1829.44,208.83,46.57,208.75,1473.59,208.84,67.62,208.74,325.8,208.85,1153.5,208.73,1159.15,208.86,1553.47,208.72,1888.27,208.87,1097.88,208.71,2710.03,208.88,992.78,208.7,3180.39,208.89,1009.37,208.69,724.5,208.9,2235.34,208.68,784.82,208.91,1035.33,208.67,856.18,208.92,575.96,208.66,3776.6,208.93,1761.96,208.65,6844.4,208.94,1528.85,208.64,1908.46,208.95,646.33,208.63,376.05,208.96,186.26,208.62,2212.53,208.97,1769.98,208.61,2198.66,208.98,2481.44,208.6,277.85,208.99,329.24,208.59,398.16,209.0,183.85
1756904192.624641,1756904192161,1756904192161,208.82,240.86,208.83,191.12,208.81,223.91,208.84,430.63,208.8,251.56,208.85,1076.5,208.79,279.22,208.86,1402.42,208.78,4556.99,208.87,1316.17,208.77,1753.34,208.88,1769.23,208.76,794.4,208.89,537.63,208.75,1541.16,208.9,1045.76,208.74,1179.99,208.91,913.34,208.73,1336.85,208.92,651.48,208.72,1903.53,208.93,2917.68,208.71,2702.04,208.94,1710.88,208.7,2859.44,208.95,651.12,208.69,767.67,208.96,548.03,208.68,1173.34,208.97,1756.14,208.67,1696.52,208.98,2481.44,208.66,4366.83,208.99,360.01,208.65,6547.04,209.0,183.85,208.64,1570.63,209.01,918.34,208.63,544.97,209.02,3028.79
1756904193.3748593,1756904192753,1756904192753,208.82,84.32,208.83,2524.49,208.81,592.68,208.84,648.15,208.8,697.14,208.85,2167.77,208.79,844.08,208.86,1689.57,208.78,28.69,208.87,1225.75,208.77,578.16,208.88,1062.88,208.76,341.02,208.89,974.42,208.75,68.61,208.9,2555.56,208.74,867.85,208.91,1487.56,208.73,103.17,208.92,1376.68,208.72,828.66,208.93,2337.18,208.71,84.15,208.94,1323.18,208.7,802.72,208.95,194.25,208.69,514.5,208.96,428.4,208.68,430.56,208.97,1174.34,208.67,737.72,208.98,1540.36,208.66,2286.06,208.99,396.03,208.65,6094.8,209.0,188.64,208.64,300.09,209.01,910.95,208.63,760.66,209.02,3019.21
1756904194.099295,1756904193309,1756904193309,208.79,0.15,208.82,4077.71,208.78,0.09,208.83,3675.77,208.77,578.16,208.84,1204.72,208.76,2993.39,208.85,2450.58,208.75,187.39,208.86,2084.23,208.74,867.11,208.87,2329.03,208.73,64.49,208.88,1372.97,208.72,852.6,208.89,974.42,208.71,436.09,208.9,2076.54,208.7,664.31,208.91,1583.27,208.69,2755.86,208.92,1139.05,208.68,1929.08,208.93,1737.29,208.67,235.75,208.94,1158.84,208.66,2312.89,208.95,79.53,208.65,5947.49,208.96,286.24,208.64,603.37,208.97,917.69,208.63,832.53,208.98,1540.36,208.62,2639.46,208.99,400.82,208.61,2450.3,209.0,188.64,208.6,245.55,209.01,915.74
1756904194.5830233,1756904193912,1756904193912,208.77,1.64,208.78,788.15,208.76,2993.39,208.79,475.5,208.75,187.39,208.8,1568.07,208.74,311.94,208.81,2943.13,208.73,671.45,208.82,7525.36,208.72,1543.48,208.83,1845.38,208.71,532.9,208.84,1942.23,208.7,1270.8,208.85,2036.02,208.69,3467.45,208.86,2455.7,208.68,1933.87,208.87,2550.52,208.67,387.71,208.88,1726.1,208.66,2312.89,208.89,1851.82,208.65,6085.71,208.9,1742.56,208.64,793.14,208.91,1653.55,208.63,1506.52,208.92,1139.05,208.62,3495.65,208.93,2049.25,208.61,2811.14,208.94,1145.79,208.6,245.55,208.95,118.89,208.59,276.7,208.96,291.03,208.58,248.79,208.97,917.69
1756904194.9966428,1756904194374,1756904194374,208.77,1.53,208.78,870.9,208.76,2993.39,208.79,1279.86,208.75,17.3,208.8,2533.56,208.74,363.62,208.81,2215.39,208.73,702.94,208.82,4329.06,208.72,1543.48,208.83,1888.24,208.71,735.22,208.84,1970.7,208.7,1400.24,208.85,2261.07,208.69,3490.37,208.86,2498.81,208.68,1985.46,208.87,2536.91,208.67,387.71,208.88,1726.1,208.66,2312.89,208.89,1369.18,208.65,5897.11,208.9,1884.81,208.64,817.14,208.91,1653.55,208.63,1516.12,208.92,1139.05,208.62,3505.25,208.93,2049.25,208.61,2811.14,208.94,1167.04,208.6,245.55,208.95,104.54,208.59,276.7,208.96,291.03,208.58,248.79,208.97,917.69
1756904195.3105676,1756904194848,1756904194848,208.77,332.03,208.78,775.15,208.76,2706.04,208.79,422.87,208.75,385.73,208.8,1150.48,208.74,448.72,208.81,2533.61,208.73,1058.42,208.82,1177.21,208.72,1529.11,208.83,1790.09,208.71,735.22,208.84,1400.98,208.7,1490.74,208.85,2561.98,208.69,3490.37,208.86,2223.33,208.68,1985.46,208.87,2536.91,208.67,387.71,208.88,1726.1,208.66,2312.89,208.89,1373.97,208.65,5897.11,208.9,2252.04,208.64,817.14,208.91,1653.55,208.63,1627.33,208.92,1139.05,208.62,3931.32,208.93,2049.25,208.61,2810.54,208.94,1167.04,208.6,245.55,208.95,94.97,208.59,276.7,208.96,291.03,208.58,300.67,208.97,536.81
1756904195.984408,1756904195497,1756904195497,208.77,1579.44,208.78,246.62,208.76,2712.67,208.79,461.65,208.75,391.02,208.8,363.73,208.74,879.72,208.81,158.11,208.73,1104.76,208.82,1177.97,208.72,1867.58,208.83,2284.93,208.71,870.29,208.84,1683.42,208.7,1562.74,208.85,1919.22,208.69,3577.52,208.86,2054.85,208.68,1985.46,208.87,2536.91,208.67,416.17,208.88,2013.29,208.66,2299.05,208.89,1336.64,208.65,6079.26,208.9,2252.04,208.64,2808.56,208.91,1718.06,208.63,1627.33,208.92,1139.45,208.62,3931.32,208.93,2061.65,208.61,2810.54,208.94,1518.36,208.6,245.55,208.95,55.61,208.59,468.4,208.96,167.1,208.58,248.79,208.97,536.81
1756904196.3565297,1756904195925,1756904195925,208.78,1207.58,208.79,15.6,208.77,2688.84,208.82,575.97,208.76,2716.49,208.83,795.19,208.75,1409.13,208.84,786.45,208.74,618.15,208.85,794.8,208.73,575.52,208.86,988.39,208.72,1423.03,208.87,679.24,208.71,1144.39,208.88,713.25,208.7,1490.13,208.89,1807.98,208.69,3580.99,208.9,1958.08,208.68,687.66,208.91,1527.06,208.67,626.19,208.92,1554.41,208.66,1824.83,208.93,2622.05,208.65,7229.92,208.94,1919.26,208.64,2741.53,208.95,629.79,208.63,1099.77,208.96,145.71,208.62,3452.3,208.97,536.81,208.61,2563.7,208.98,1540.36,208.6,159.28,208.99,424.4,208.59,468.4,209.0,179.06
1756904197.0167065,1756904196558,1756904196558,208.81,1329.89,208.82,553.4,208.8,522.9,208.83,795.19,208.79,470.52,208.84,720.19,208.78,3830.2,208.85,1153.07,208.77,1246.95,208.86,1419.65,208.76,3211.43,208.87,602.61,208.75,1291.53,208.88,1692.11,208.74,443.76,208.89,1295.85,208.73,670.8,208.9,1958.08,208.72,2779.38,208.91,1666.5,208.71,1092.39,208.92,1547.44,208.7,1490.13,208.93,2658.13,208.69,3073.08,208.94,1926.55,208.68,687.66,208.95,725.48,208.67,476.95,208.96,159.55,208.66,1914.25,208.97,914.13,208.65,7229.92,208.98,1540.36,208.64,2598.79,208.99,424.4,208.63,1099.77,209.0,179.06,208.62,3452.3,209.01,915.74
1756904197.6167274,1756904197103,1756904197103,208.81,463.88,208.82,930.47,208.8,574.57,208.83,820.06,208.79,63.8,208.84,867.5,208.78,915.41,208.85,1217.09,208.77,939.34,208.86,1744.76,208.76,4073.46,208.87,1177.03,208.75,1291.53,208.88,743.05,208.74,745.5,208.89,1449.11,208.73,670.8,208.9,1824.09,208.72,2793.75,208.91,1666.5,208.71,1156.92,208.92,1540.62,208.7,1519.29,208.93,3021.93,208.69,3073.08,208.94,1926.55,208.68,687.66,208.95,725.48,208.67,471.0,208.96,159.55,208.66,1917.06,208.97,914.13,208.65,7229.92,208.98,1540.36,208.64,2607.59,208.99,419.61,208.63,1452.98,209.0,179.06,208.62,3075.13,209.01,915.74
1756904197.9816241,1756904197609,1756904197609,208.81,970.82,208.82,930.53,208.79,745.9,208.83,818.48,208.78,643.37,208.84,879.5,208.77,1246.1,208.85,1358.07,208.76,4090.26,208.86,1625.74,208.75,1338.45,208.87,625.6,208.74,745.5,208.88,1848.21,208.73,1247.51,208.89,1373.48,208.72,2793.75,208.9,1824.09,208.71,1156.92,208.91,1671.28,208.7,1519.29,208.92,1540.62,208.69,3007.75,208.93,3021.93,208.68,687.66,208.94,2144.19,208.67,532.4,208.95,725.48,208.66,1917.06,208.96,159.55,208.65,7229.92,208.97,914.13,208.64,2616.59,208.98,1540.36,208.63,1839.68,208.99,424.4,208.62,3075.13,209.0,179.06,208.61,2554.11,209.01,915.74
1756904198.5762694,1756904198159,1756904198159,208.81,1211.57,208.82,109.57,208.8,176.92,208.83,590.58,208.79,638.36,208.84,350.99,208.78,83.32,208.85,649.13,208.77,2599.61,208.86,1686.65,208.76,4079.64,208.87,1150.18,208.75,1344.1,208.88,990.59,208.74,772.5,208.89,2047.42,208.73,1220.51,208.9,2590.28,208.72,2793.75,208.91,1671.28,208.71,1170.76,208.92,1526.38,208.7,1406.96,208.93,2658.13,208.69,2761.86,208.94,2497.49,208.68,687.66,208.95,725.48,208.67,566.1,208.96,145.71,208.66,1917.06,208.97,932.89,208.65,7229.92,208.98,1549.96,208.64,2616.59,208.99,424.4,208.63,1839.68,209.0,193.3,208.62,3075.13,209.01,915.74
