timestamp,sequence,exchange_timestamp,bid_price_0,bid_size_0,ask_price_0,ask_size_0,bid_price_1,bid_size_1,ask_price_1,ask_size_1,bid_price_2,bid_size_2,ask_price_2,ask_size_2,bid_price_3,bid_size_3,ask_price_3,ask_size_3,bid_price_4,bid_size_4,ask_price_4,ask_size_4,bid_price_5,bid_size_5,ask_price_5,ask_size_5,bid_price_6,bid_size_6,ask_price_6,ask_size_6,bid_price_7,bid_size_7,ask_price_7,ask_size_7,bid_price_8,bid_size_8,ask_price_8,ask_size_8,bid_price_9,bid_size_9,ask_price_9,ask_size_9,bid_price_10,bid_size_10,ask_price_10,ask_size_10,bid_price_11,bid_size_11,ask_price_11,ask_size_11,bid_price_12,bid_size_12,ask_price_12,ask_size_12,bid_price_13,bid_size_13,ask_price_13,ask_size_13,bid_price_14,bid_size_14,ask_price_14,ask_size_14,bid_price_15,bid_size_15,ask_price_15,ask_size_15,bid_price_16,bid_size_16,ask_price_16,ask_size_16,bid_price_17,bid_size_17,ask_price_17,ask_size_17,bid_price_18,bid_size_18,ask_price_18,ask_size_18,bid_price_19,bid_size_19,ask_price_19,ask_size_19
1756904112.5465927,1756904112212,1756904112212,111038.0,8.84885,111039.0,0.0036,111037.0,0.38041,111040.0,0.00011,111036.0,0.22402,111041.0,0.00011,111035.0,4.04071,111042.0,0.00011,111034.0,0.51921,111043.0,1.40451,111033.0,0.73312,111044.0,0.54033,111032.0,0.9863,111045.0,4.15129,111031.0,0.33145,111046.0,0.00011,111030.0,1.92805,111047.0,2.31259,111029.0,0.22931,111048.0,2.05377,111028.0,5.47177,111049.0,1.40457,111027.0,2.47659,111050.0,1.02955,111026.0,0.00056,111051.0,0.04514,111025.0,0.5195,111052.0,0.00011,111024.0,2.27094,111053.0,4.51099,111023.0,3.68942,111054.0,0.92054,111022.0,0.61998,111055.0,5.389,111021.0,0.1048,111056.0,0.84306,111020.0,4.60065,111057.0,0.58087,111019.0,1.59366,111058.0,2.47092
1756904113.19153,1756904112569,1756904112569,111038.0,3.51822,111039.0,0.00371,111037.0,0.38041,111040.0,0.00011,111036.0,3.87719,111041.0,0.00011,111035.0,2.94745,111042.0,0.90048,111034.0,0.51921,111043.0,1.85469,111033.0,0.73312,111044.0,0.54033,111032.0,0.71682,111045.0,2.80075,111031.0,0.33145,111046.0,0.54031,111030.0,1.92805,111047.0,2.35761,111029.0,2.97703,111048.0,1.51357,111028.0,2.97106,111049.0,1.71966,111027.0,2.47659,111050.0,1.07457,111026.0,0.00056,111051.0,0.45407,111025.0,0.5195,111052.0,0.75338,111024.0,2.27094,111053.0,4.51099,111023.0,3.65371,111054.0,0.92054,111022.0,0.61998,111055.0,3.18241,111021.0,0.1048,111056.0,0.84306,111020.0,4.60065,111057.0,0.58087,111019.0,1.59366,111058.0,2.47092
1756904113.3337147,1756904112971,1756904112971,111038.0,3.58404,111039.0,0.00263,111037.0,0.38041,111040.0,0.00011,111036.0,3.87719,111041.0,0.00011,111035.0,2.94745,111042.0,0.90048,111034.0,0.51921,111043.0,1.85458,111033.0,0.73312,111044.0,0.54033,111032.0,0.71682,111045.0,2.80064,111031.0,0.33145,111046.0,0.54031,111030.0,1.92805,111047.0,2.3575,111029.0,0.22931,111048.0,1.51346,111028.0,2.97106,111049.0,1.71966,111027.0,2.47659,111050.0,1.02955,111026.0,0.00056,111051.0,0.45407,111025.0,0.5195,111052.0,0.75338,111024.0,2.27094,111053.0,4.51099,111023.0,3.65371,111054.0,0.92054,111022.0,0.59475,111055.0,3.18241,111021.0,0.1048,111056.0,0.84306,111020.0,4.60065,111057.0,0.58087,111019.0,1.59366,111058.0,2.47092
1756904113.9861386,1756904113538,1756904113538,111041.0,12.64995,111042.0,0.13505,111040.0,5.65545,111043.0,1.26935,111039.0,5.17175,111044.0,0.54022,111038.0,3.56733,111045.0,2.80064,111037.0,0.06529,111046.0,0.5402,111036.0,3.87719,111047.0,2.3575,111035.0,2.94745,111048.0,2.67792,111034.0,0.47418,111049.0,1.71966,111033.0,0.00011,111050.0,1.02955,111032.0,0.67179,111051.0,0.45407,111031.0,0.33145,111052.0,0.75338,111030.0,1.96302,111053.0,4.51099,111029.0,3.47588,111054.0,3.35274,111028.0,2.97106,111055.0,3.18241,111027.0,2.47659,111056.0,0.84306,111026.0,0.00056,111057.0,0.58087,111025.0,0.5195,111058.0,2.47092,111024.0,2.27094,111059.0,0.13531,111023.0,5.99135,111060.0,3.71731,111022.0,0.59475,111061.0,4.33658
1756904114.4950268,1756904114117,1756904114117,111041.0,15.1681,111042.0,2.33208,111040.0,8.89418,111043.0,0.50414,111039.0,5.86748,111044.0,0.54033,111038.0,1.69459,111045.0,2.84577,111037.0,0.04514,111046.0,0.54031,111036.0,6.41405,111047.0,2.35761,111035.0,2.54484,111048.0,3.06231,111034.0,0.47418,111049.0,1.40457,111033.0,0.00011,111050.0,1.02955,111032.0,0.88285,111051.0,0.45407,111031.0,0.33145,111052.0,0.75338,111030.0,1.96302,111053.0,4.51099,111029.0,3.33542,111054.0,3.35274,111028.0,2.97106,111055.0,3.18241,111027.0,2.47659,111056.0,0.84306,111026.0,0.00011,111057.0,0.58087,111025.0,0.60956,111058.0,2.47092,111024.0,2.27094,111059.0,0.13531,111023.0,3.70655,111060.0,3.71731,111022.0,0.59475,111061.0,4.33658
1756904114.9527378,1756904114606,1756904114606,111041.0,9.73497,111042.0,2.47502,111040.0,0.39635,111043.0,0.17114,111039.0,1.74808,111044.0,3.24143,111038.0,0.33517,111045.0,0.14469,111037.0,0.46084,111046.0,0.58533,111036.0,6.00241,111047.0,2.35761,111035.0,2.54484,111048.0,3.06231,111034.0,0.47418,111049.0,1.40457,111033.0,0.00011,111050.0,1.02955,111032.0,0.88285,111051.0,0.5248,111031.0,0.33145,111052.0,0.75338,111030.0,1.96302,111053.0,4.51099,111029.0,3.33542,111054.0,3.35274,111028.0,2.97106,111055.0,3.18241,111027.0,2.47659,111056.0,0.84306,111026.0,0.00011,111057.0,0.58087,111025.0,0.60956,111058.0,2.47092,111024.0,6.36867,111059.0,0.13531,111023.0,3.70655,111060.0,3.71731,111022.0,0.59475,111061.0,4.33658
1756904115.4888818,1756904115123,1756904115123,111041.0,9.74378,111042.0,5.01805,111040.0,1.63134,111043.0,0.17114,111039.0,0.53253,111044.0,0.54033,111038.0,1.9683,111045.0,1.11138,111037.0,0.46084,111046.0,0.58533,111036.0,6.00241,111047.0,2.35761,111035.0,2.54484,111048.0,3.06231,111034.0,0.47418,111049.0,1.07157,111033.0,0.00011,111050.0,1.02955,111032.0,0.88285,111051.0,0.5248,111031.0,0.33145,111052.0,0.75338,111030.0,1.96302,111053.0,4.51099,111029.0,3.33542,111054.0,3.35274,111028.0,2.97106,111055.0,3.18241,111027.0,2.47659,111056.0,0.84306,111026.0,0.00011,111057.0,0.58087,111025.0,0.60956,111058.0,2.47092,111024.0,6.36867,111059.0,0.13531,111023.0,3.70655,111060.0,3.71731,111022.0,0.59475,111061.0,4.33658
1756904116.1097538,1756904115726,1756904115726,111041.0,9.69876,111042.0,5.95378,111040.0,0.19635,111043.0,0.08111,111039.0,0.08237,111044.0,1.12556,111038.0,0.20011,111045.0,0.14469,111037.0,1.84594,111046.0,0.36022,111036.0,0.20603,111047.0,2.31259,111035.0,2.52743,111048.0,4.23873,111034.0,0.8928,111049.0,1.07157,111033.0,3.98341,111050.0,1.45052,111032.0,2.68375,111051.0,1.0128,111031.0,0.33145,111052.0,0.75338,111030.0,1.69262,111053.0,1.81005,111029.0,1.87779,111054.0,3.35274,111028.0,2.15203,111055.0,3.18241,111027.0,2.47659,111056.0,0.84306,111026.0,2.70163,111057.0,0.58087,111025.0,0.60956,111058.0,2.47092,111024.0,2.3057,111059.0,0.40479,111023.0,1.36891,111060.0,3.71731,111022.0,0.59475,111061.0,4.33658
1756904116.6531248,1756904116233,1756904116233,111041.0,9.69876,111042.0,7.50604,111040.0,0.19635,111043.0,1.38666,111039.0,0.19646,111044.0,0.54033,111038.0,1.86582,111045.0,0.63988,111037.0,0.1802,111046.0,1.56999,111036.0,0.74628,111047.0,2.31259,111035.0,5.6318,111048.0,4.55382,111034.0,1.64671,111049.0,1.07157,111033.0,1.01132,111050.0,1.02955,111032.0,2.68375,111051.0,1.0128,111031.0,0.33145,111052.0,0.00011,111030.0,1.69262,111053.0,1.81005,111029.0,1.87779,111054.0,3.35274,111028.0,2.15203,111055.0,3.18241,111027.0,2.47659,111056.0,0.84306,111026.0,2.70163,111057.0,0.58087,111025.0,0.60956,111058.0,2.47092,111024.0,2.3057,111059.0,0.13531,111023.0,1.50399,111060.0,4.97361,111022.0,3.32681,111061.0,4.33658
1756904117.1954763,1756904116776,1756904116776,111041.0,9.87848,111042.0,0.20067,111040.0,0.19635,111043.0,2.28702,111039.0,1.43296,111044.0,3.24143,111038.0,0.33517,111045.0,0.09967,111037.0,0.04514,111046.0,1.56999,111036.0,0.74628,111047.0,2.85279,111035.0,5.6318,111048.0,1.89785,111034.0,1.22809,111049.0,1.07157,111033.0,0.26959,111050.0,3.73049,111032.0,2.68375,111051.0,0.67661,111031.0,0.33145,111052.0,0.00011,111030.0,4.39404,111053.0,1.81005,111029.0,1.87779,111054.0,3.35274,111028.0,2.15203,111055.0,3.18241,111027.0,2.57277,111056.0,0.84306,111026.0,0.00011,111057.0,0.58087,111025.0,0.60956,111058.0,2.47092,111024.0,2.3057,111059.0,0.13531,111023.0,1.50399,111060.0,4.97361,111022.0,3.32681,111061.0,4.33658
1756904117.6640239,1756904117284,1756904117284,111041.0,9.68995,111042.0,2.91062,111040.0,0.08136,111043.0,2.28704,111039.0,1.74808,111044.0,0.54033,111038.0,0.33517,111045.0,0.09066,111037.0,0.44846,111046.0,0.70033,111036.0,1.16028,111047.0,2.31259,111035.0,3.43871,111048.0,1.82866,111034.0,1.22809,111049.0,1.07157,111033.0,0.26959,111050.0,3.73049,111032.0,2.68375,111051.0,0.53481,111031.0,0.33145,111052.0,0.7395,111030.0,4.39404,111053.0,1.80073,111029.0,1.87779,111054.0,3.35274,111028.0,0.00011,111055.0,3.18241,111027.0,2.57277,111056.0,0.84306,111026.0,0.00011,111057.0,0.58087,111025.0,0.60956,111058.0,2.47092,111024.0,2.3057,111059.0,0.13531,111023.0,3.84588,111060.0,4.97361,111022.0,3.32681,111061.0,4.33658
1756904118.5628932,1756904117921,1756904117921,111041.0,11.10637,111042.0,0.07344,111040.0,1.20301,111043.0,0.03609,111039.0,0.08237,111044.0,1.57574,111038.0,0.74035,111045.0,4.14226,111037.0,4.54722,111046.0,0.96196,111036.0,3.90972,111047.0,2.31259,111035.0,0.00033,111048.0,3.04106,111034.0,1.22809,111049.0,1.07157,111033.0,0.26959,111050.0,1.02955,111032.0,0.88285,111051.0,0.53481,111031.0,0.33145,111052.0,3.4404,111030.0,3.90243,111053.0,1.80073,111029.0,1.87779,111054.0,3.35274,111028.0,2.70157,111055.0,3.18241,111027.0,2.57277,111056.0,0.84306,111026.0,0.00011,111057.0,0.04071,111025.0,0.60956,111058.0,2.47092,111024.0,2.3093,111059.0,0.67545,111023.0,3.84588,111060.0,4.97361,111022.0,3.32681,111061.0,3.79645
1756904118.8186383,1756904118407,1756904118407,111041.0,10.27498,111042.0,0.05791,111040.0,1.20301,111043.0,4.98812,111039.0,1.84035,111044.0,0.67538,111038.0,0.20011,111045.0,0.13568,111037.0,2.38621,111046.0,0.91694,111036.0,0.20603,111047.0,2.89781,111035.0,2.7016,111048.0,2.45585,111034.0,1.22809,111049.0,1.38666,111033.0,0.26959,111050.0,1.02955,111032.0,0.88285,111051.0,0.53481,111031.0,0.33145,111052.0,3.4404,111030.0,3.90243,111053.0,1.80073,111029.0,1.87779,111054.0,3.35274,111028.0,2.70157,111055.0,3.18241,111027.0,2.57277,111056.0,0.84306,111026.0,0.00011,111057.0,0.04071,111025.0,0.60956,111058.0,2.47092,111024.0,2.3093,111059.0,0.67545,111023.0,3.84588,111060.0,4.97361,111022.0,3.32681,111061.0,3.79645
1756904119.3049264,1756904118910,1756904118910,111041.0,9.85541,111042.0,2.75024,111040.0,0.08136,111043.0,4.98816,111039.0,1.84037,111044.0,0.54033,111038.0,0.20011,111045.0,0.22571,111037.0,0.31462,111046.0,0.65531,111036.0,3.08175,111047.0,1.43718,111035.0,2.70163,111048.0,2.45585,111034.0,3.02896,111049.0,1.07157,111033.0,0.26959,111050.0,3.73049,111032.0,0.88285,111051.0,0.53481,111031.0,0.33145,111052.0,0.7395,111030.0,4.82286,111053.0,1.80073,111029.0,1.87779,111054.0,3.35274,111028.0,2.70157,111055.0,3.18241,111027.0,2.57277,111056.0,0.84306,111026.0,0.00011,111057.0,0.04071,111025.0,0.60956,111058.0,2.47092,111024.0,2.3093,111059.0,0.67545,111023.0,3.84588,111060.0,4.97361,111022.0,3.32681,111061.0,3.79645
1756904119.9544673,1756904119502,1756904119502,111041.0,14.69661,111042.0,0.00011,111040.0,0.08136,111043.0,0.03609,111039.0,5.00636,111044.0,0.54032,111038.0,2.00091,111045.0,1.89136,111037.0,0.31462,111046.0,1.35064,111036.0,3.08175,111047.0,4.00312,111035.0,0.00033,111048.0,0.13516,111034.0,1.76835,111049.0,0.62327,111033.0,2.97454,111050.0,0.68531,111032.0,0.47362,111051.0,0.46408,111031.0,0.01631,111052.0,0.8537,111030.0,4.82646,111053.0,2.70098,111029.0,1.87779,111054.0,0.00011,111028.0,0.00011,111055.0,2.711,111027.0,2.17527,111056.0,0.75302,111026.0,1.35086,111057.0,0.04071,111025.0,0.60956,111058.0,1.12054,111024.0,2.27094,111059.0,0.67567,111023.0,3.48607,111060.0,6.77408,111022.0,3.29636,111061.0,3.31948
1756904120.6449554,1756904120027,1756904120027,111041.0,11.58994,111042.0,0.05058,111040.0,0.39647,111043.0,0.93646,111039.0,1.95535,111044.0,4.59196,111038.0,0.20011,111045.0,0.09066,111037.0,0.85487,111046.0,0.54031,111036.0,3.08175,111047.0,1.30211,111035.0,4.52044,111048.0,0.13516,111034.0,1.22809,111049.0,0.71332,111033.0,0.81345,111050.0,1.62689,111032.0,0.47362,111051.0,0.46408,111031.0,0.01631,111052.0,1.72911,111030.0,7.52427,111053.0,2.70098,111029.0,0.55845,111054.0,1.80067,111028.0,0.00011,111055.0,2.711,111027.0,2.17167,111056.0,0.75302,111026.0,1.35086,111057.0,0.04071,111025.0,0.60956,111058.0,2.47091,111024.0,4.57037,111059.0,1.21581,111023.0,1.14418,111060.0,5.28867,111022.0,0.59475,111061.0,3.85961
1756904121.0394754,1756904120591,1756904120591,111041.0,11.55412,111042.0,0.04783,111040.0,1.58454,111043.0,2.28702,111039.0,1.95535,111044.0,3.24141,111038.0,0.47051,111045.0,0.09066,111037.0,0.85487,111046.0,0.00011,111036.0,5.69302,111047.0,1.88733,111035.0,4.52044,111048.0,0.13516,111034.0,1.22809,111049.0,0.71332,111033.0,0.81345,111050.0,1.62689,111032.0,0.47362,111051.0,0.46408,111031.0,0.01631,111052.0,2.04419,111030.0,7.60427,111053.0,2.70098,111029.0,2.85313,111054.0,3.86193,111028.0,0.31525,111055.0,2.711,111027.0,2.17167,111056.0,0.75302,111026.0,1.35086,111057.0,0.04071,111025.0,0.60956,111058.0,2.47091,111024.0,4.57037,111059.0,1.21581,111023.0,1.14418,111060.0,5.28867,111022.0,0.59475,111061.0,3.85961
1756904121.5624552,1756904121074,1756904121074,111041.0,11.54531,111042.0,0.04683,111040.0,1.58454,111043.0,2.28701,111039.0,1.95535,111044.0,3.24141,111038.0,0.47051,111045.0,0.09066,111037.0,0.85487,111046.0,0.00011,111036.0,5.69302,111047.0,1.88733,111035.0,4.52044,111048.0,0.18018,111034.0,0.47418,111049.0,0.71332,111033.0,0.81345,111050.0,1.58187,111032.0,0.47362,111051.0,0.46408,111031.0,0.01631,111052.0,1.72911,111030.0,7.60427,111053.0,2.70098,111029.0,2.85313,111054.0,3.86193,111028.0,0.31525,111055.0,2.711,111027.0,2.17167,111056.0,0.75302,111026.0,1.35086,111057.0,0.04071,111025.0,0.60956,111058.0,2.47091,111024.0,4.57037,111059.0,1.21581,111023.0,1.14418,111060.0,5.28867,111022.0,0.59475,111061.0,3.85961
1756904122.0756407,1756904121626,1756904121626,111043.0,7.6872,111044.0,0.54021,111042.0,5.75628,111045.0,0.09066,111041.0,10.42477,111046.0,0.67536,111040.0,1.26943,111047.0,1.30211,111039.0,1.95535,111048.0,0.54031,111038.0,0.93905,111049.0,0.71332,111037.0,0.58538,111050.0,0.10011,111036.0,4.94916,111051.0,0.77916,111035.0,1.82278,111052.0,1.72911,111034.0,0.47418,111053.0,2.70098,111033.0,0.80985,111054.0,3.86193,111032.0,0.47362,111055.0,2.711,111031.0,0.01631,111056.0,0.75302,111030.0,6.68384,111057.0,0.04071,111029.0,2.85313,111058.0,2.47091,111028.0,0.31525,111059.0,1.21581,111027.0,2.17167,111060.0,5.28867,111026.0,1.35086,111061.0,3.31948,111025.0,0.60956,111062.0,0.1151,111024.0,4.57037,111063.0,0.00011
1756904122.5256436,1756904122148,1756904122148,111043.0,9.47127,111044.0,5.49782,111042.0,0.15338,111045.0,0.09066,111041.0,1.01032,111046.0,0.13516,111040.0,1.16336,111047.0,1.30211,111039.0,1.918,111048.0,0.54031,111038.0,1.25417,111049.0,0.71332,111037.0,0.31484,111050.0,0.10011,111036.0,6.83408,111051.0,0.77916,111035.0,1.82256,111052.0,1.72911,111034.0,0.47418,111053.0,2.70098,111033.0,0.26959,111054.0,3.86193,111032.0,0.26234,111055.0,2.711,111031.0,0.01631,111056.0,0.75302,111030.0,6.52384,111057.0,0.04071,111029.0,2.85313,111058.0,2.47091,111028.0,0.31525,111059.0,0.67567,111027.0,2.17167,111060.0,5.28867,111026.0,1.47549,111061.0,3.31948,111025.0,0.60956,111062.0,0.17813,111024.0,4.57037,111063.0,0.00011
1756904123.3589783,1756904122653,1756904122653,111043.0,8.5034,111044.0,6.05405,111042.0,3.31063,111045.0,0.09066,111041.0,1.48808,111046.0,0.18018,111040.0,2.51395,111047.0,1.30211,111039.0,0.56741,111048.0,0.04513,111038.0,1.2794,111049.0,0.71332,111037.0,0.31484,111050.0,0.10011,111036.0,6.83408,111051.0,0.89415,111035.0,1.82256,111052.0,1.72911,111034.0,0.6888,111053.0,0.00011,111033.0,0.80985,111054.0,3.86193,111032.0,0.26234,111055.0,2.711,111031.0,0.01631,111056.0,0.75302,111030.0,6.52384,111057.0,0.04071,111029.0,2.85313,111058.0,2.47091,111028.0,0.31525,111059.0,0.67567,111027.0,2.17167,111060.0,5.82881,111026.0,1.47549,111061.0,3.31948,111025.0,0.60956,111062.0,0.17813,111024.0,4.57037,111063.0,0.00011
1756904123.6670785,1756904123203,1756904123203,111043.0,8.01095,111044.0,4.85556,111042.0,3.31063,111045.0,1.44121,111041.0,1.48808,111046.0,0.13516,111040.0,2.51395,111047.0,3.85924,111039.0,0.56741,111048.0,0.58533,111038.0,0.54046,111049.0,0.71332,111037.0,0.85509,111050.0,0.55377,111036.0,6.29743,111051.0,3.59507,111035.0,1.81896,111052.0,1.72911,111034.0,0.6888,111053.0,0.00011,111033.0,0.80985,111054.0,3.86193,111032.0,0.26234,111055.0,2.711,111031.0,0.01631,111056.0,0.75302,111030.0,6.52384,111057.0,0.04071,111029.0,2.85313,111058.0,2.47091,111028.0,0.31525,111059.0,0.67567,111027.0,2.17167,111060.0,5.82881,111026.0,1.47549,111061.0,3.31948,111025.0,0.60956,111062.0,0.17813,111024.0,4.57037,111063.0,0.00011
1756904124.2861757,1756904123786,1756904123786,111043.0,3.48916,111044.0,7.27116,111042.0,0.98468,111045.0,0.09066,111041.0,1.11102,111046.0,3.62158,111039.0,0.54256,111047.0,3.2256,111038.0,0.20011,111048.0,1.84579,111037.0,0.18042,111049.0,1.63375,111036.0,0.1646,111050.0,1.22916,111035.0,1.36877,111051.0,0.9216,111034.0,0.6888,111052.0,0.98972,111033.0,1.35013,111053.0,0.07228,111032.0,0.26234,111054.0,3.37117,111031.0,1.81723,111055.0,2.601,111030.0,6.52385,111056.0,0.75302,111029.0,0.55845,111057.0,2.7415,111028.0,0.31525,111058.0,3.01106,111027.0,1.15506,111059.0,0.00028,111026.0,0.12474,111060.0,5.96384,111025.0,0.60956,111061.0,3.31948,111024.0,4.57037,111062.0,0.1151,111023.0,2.71971,111063.0,0.26959
1756904124.7677736,1756904124352,1756904124352,111043.0,2.25583,111044.0,7.27099,111042.0,0.08431,111045.0,3.63421,111041.0,1.27114,111046.0,0.96556,111040.0,0.00011,111047.0,1.30211,111039.0,1.16161,111048.0,3.18427,111038.0,0.04513,111049.0,2.04129,111037.0,1.53104,111050.0,1.65227,111036.0,0.1646,111051.0,2.72222,111035.0,0.55838,111052.0,0.92054,111034.0,4.73964,111053.0,0.21302,111033.0,3.51121,111054.0,3.37117,111032.0,0.26234,111055.0,2.601,111031.0,1.81723,111056.0,0.75302,111030.0,1.61262,111057.0,2.7415,111029.0,0.58368,111058.0,3.01106,111028.0,3.54807,111059.0,0.00028,111027.0,3.85655,111060.0,5.96384,111026.0,0.12474,111061.0,3.31948,111025.0,0.60956,111062.0,0.17813,111024.0,4.57037,111063.0,0.26959
1756904125.2795467,1756904124846,1756904124846,111043.0,2.03323,111044.0,6.90677,111042.0,0.08431,111045.0,4.1294,111041.0,1.27114,111046.0,0.96556,111040.0,0.04513,111047.0,1.30211,111039.0,1.29666,111048.0,3.1151,111038.0,0.04513,111049.0,1.63375,111037.0,0.04536,111050.0,1.23817,111036.0,0.1646,111051.0,2.72222,111035.0,1.36875,111052.0,0.92054,111034.0,5.2799,111053.0,0.21302,111033.0,3.51121,111054.0,3.37117,111032.0,0.26234,111055.0,2.601,111031.0,1.81723,111056.0,0.35302,111030.0,1.61262,111057.0,2.7415,111029.0,3.70664,111058.0,2.47091,111028.0,2.29998,111059.0,0.00028,111027.0,3.85655,111060.0,5.96384,111026.0,0.12474,111061.0,3.85961,111025.0,0.74463,111062.0,0.17813,111024.0,2.27094,111063.0,0.26959
1756904125.8566334,1756904125491,1756904125491,111043.0,1.11487,111044.0,7.41348,111042.0,0.98468,111045.0,3.58919,111041.0,1.27114,111046.0,0.92054,111040.0,0.18018,111047.0,1.34713,111039.0,1.16161,111048.0,3.1151,111038.0,0.36025,111049.0,1.63375,111037.0,1.39597,111050.0,0.92288,111036.0,0.1646,111051.0,2.40839,111035.0,0.01812,111052.0,0.92054,111034.0,5.25292,111053.0,0.21302,111033.0,0.80986,111054.0,3.37117,111032.0,0.26234,111055.0,2.601,111031.0,1.81723,111056.0,0.35302,111030.0,1.61262,111057.0,3.41689,111029.0,3.70664,111058.0,2.47091,111028.0,3.22041,111059.0,0.00028,111027.0,1.15506,111060.0,5.96384,111026.0,0.43989,111061.0,3.85961,111025.0,0.74463,111062.0,0.1151,111024.0,2.27094,111063.0,0.26959
1756904126.747453,1756904125998,1756904125998,111043.0,1.08397,111044.0,6.70931,111042.0,0.08431,111045.0,3.58919,111041.0,1.32114,111046.0,0.92054,111040.0,0.62309,111047.0,1.34713,111039.0,1.16161,111048.0,3.1151,111038.0,0.36025,111049.0,1.63375,111037.0,1.39598,111050.0,0.87786,111036.0,0.1646,111051.0,2.40839,111035.0,2.78253,111052.0,1.62749,111034.0,3.09186,111053.0,0.21302,111033.0,2.97094,111054.0,3.37117,111032.0,0.26234,111055.0,2.601,111031.0,1.81723,111056.0,0.35302,111030.0,1.69262,111057.0,3.41689,111029.0,0.58368,111058.0,2.47091,111028.0,3.22041,111059.0,0.00028,111027.0,1.15506,111060.0,5.96384,111026.0,0.43989,111061.0,3.85961,111025.0,3.44616,111062.0,0.17813,111024.0,2.27094,111063.0,0.26959
1756904128.766625,1756904127231,1756904127231,111043.0,2.0535,111044.0,6.81237,111042.0,1.47107,111045.0,3.58919,111041.0,1.45619,111046.0,0.00011,111040.0,0.48804,111047.0,4.04814,111039.0,1.16161,111048.0,0.41411,111038.0,0.04513,111049.0,0.71332,111037.0,1.39598,111050.0,0.94703,111036.0,0.1646,111051.0,3.30869,111035.0,2.71942,111052.0,1.62749,111034.0,2.5516,111053.0,0.21302,111033.0,4.77182,111054.0,5.17174,111032.0,0.26234,111055.0,2.601,111031.0,0.01631,111056.0,0.35302,111030.0,1.69262,111057.0,0.7161,111029.0,3.74342,111058.0,2.47091,111028.0,5.00145,111059.0,0.54042,111027.0,1.15506,111060.0,4.9437,111026.0,0.43989,111061.0,3.31948,111025.0,0.74463,111062.0,2.81575,111024.0,2.27094,111063.0,0.26959
1756904129.059978,1756904127805,1756904127805,111043.0,1.15083,111044.0,7.02001,111042.0,0.08431,111045.0,3.58919,111041.0,1.32114,111046.0,0.00011,111040.0,0.18018,111047.0,1.34713,111039.0,1.16161,111048.0,0.36909,111038.0,0.04513,111049.0,1.63375,111037.0,1.39598,111050.0,3.3329,111036.0,0.1646,111051.0,0.60777,111035.0,0.01812,111052.0,1.62749,111034.0,3.09186,111053.0,0.21302,111033.0,4.77182,111054.0,1.80068,111032.0,0.26234,111055.0,2.601,111031.0,0.01631,111056.0,0.35302,111030.0,1.69262,111057.0,0.7161,111029.0,3.74342,111058.0,2.47091,111028.0,5.00145,111059.0,0.54042,111027.0,1.15506,111060.0,4.9437,111026.0,0.43989,111061.0,3.31731,111025.0,0.74463,111062.0,2.81792,111024.0,2.27094,111063.0,0.00011
1756904129.4779048,1756904128003,1756904128003,111043.0,1.06779,111044.0,7.02001,111042.0,1.88504,111045.0,3.58919,111041.0,1.16113,111046.0,0.00011,111040.0,0.00011,111047.0,1.34713,111039.0,1.34341,111048.0,0.36909,111038.0,0.00011,111049.0,3.43439,111037.0,0.18042,111050.0,3.76644,111036.0,0.29966,111051.0,0.83552,111035.0,1.36876,111052.0,1.62749,111034.0,3.90225,111053.0,0.21302,111033.0,1.801,111054.0,0.00011,111032.0,0.26234,111055.0,2.601,111031.0,3.25794,111056.0,0.35302,111030.0,1.69262,111057.0,0.04071,111029.0,3.47394,111058.0,3.01106,111028.0,2.29998,111059.0,0.54042,111027.0,1.15506,111060.0,4.62864,111026.0,0.43989,111061.0,3.31731,111025.0,3.31109,111062.0,2.81792,111024.0,1.35051,111063.0,0.26959
1756904129.4794815,1756904128216,1756904128216,111043.0,0.97776,111044.0,9.7211,111042.0,0.90047,111045.0,3.58919,111041.0,1.05011,111046.0,0.00011,111040.0,0.90049,111047.0,1.34713,111039.0,0.54256,111048.0,0.36909,111038.0,0.00011,111049.0,3.43439,111037.0,0.04536,111050.0,0.99632,111036.0,0.1646,111051.0,0.83552,111035.0,0.01812,111052.0,1.76253,111034.0,3.36199,111053.0,1.49611,111033.0,0.54037,111054.0,0.00011,111032.0,0.3974,111055.0,2.601,111031.0,3.25794,111056.0,0.35302,111030.0,3.49355,111057.0,0.04071,111029.0,3.20354,111058.0,3.01106,111028.0,2.29998,111059.0,0.8099,111027.0,1.15506,111060.0,4.62864,111026.0,0.43989,111061.0,3.31731,111025.0,3.31109,111062.0,2.81792,111024.0,1.35051,111063.0,0.26959
1756904129.6927044,1756904129085,1756904129085,111043.0,1.87812,111044.0,11.39407,111042.0,0.00011,111045.0,3.25619,111041.0,1.05011,111046.0,0.01813,111040.0,0.00011,111047.0,4.04816,111039.0,0.04513,111048.0,0.36909,111038.0,0.1892,111049.0,3.43439,111037.0,1.35095,111050.0,0.56278,111036.0,0.23488,111051.0,1.5348,111035.0,1.36875,111052.0,0.92054,111034.0,1.22906,111053.0,0.21302,111033.0,3.55686,111054.0,0.00011,111032.0,0.1313,111055.0,4.40152,111031.0,0.01631,111056.0,0.35302,111030.0,3.68303,111057.0,0.04071,111029.0,3.17831,111058.0,4.36145,111028.0,0.00011,111059.0,0.81082,111027.0,1.15506,111060.0,4.57361,111026.0,0.03468,111061.0,3.31731,111025.0,0.60956,111062.0,0.11727,111024.0,2.27094,111063.0,0.26959
1756904130.0317016,1756904129288,1756904129288,111043.0,0.97776,111044.0,10.48882,111042.0,0.00011,111045.0,3.25619,111041.0,1.05011,111046.0,0.01813,111040.0,0.00011,111047.0,1.34713,111039.0,0.9005,111048.0,0.36909,111038.0,0.16563,111049.0,3.43439,111037.0,0.05394,111050.0,0.56278,111036.0,0.17105,111051.0,1.5348,111035.0,0.01812,111052.0,0.92054,111034.0,2.57971,111053.0,0.21302,111033.0,0.13517,111054.0,0.00011,111032.0,0.1313,111055.0,4.40152,111031.0,3.25795,111056.0,0.35302,111030.0,3.41355,111057.0,0.04071,111029.0,0.72707,111058.0,4.36145,111028.0,0.94505,111059.0,0.81082,111027.0,1.15506,111060.0,4.57361,111026.0,0.03468,111061.0,3.31731,111025.0,0.60956,111062.0,0.1803,111024.0,3.67002,111063.0,0.26959
1756904130.3405318,1756904129832,1756904129832,111043.0,1.04692,111044.0,14.02928,111042.0,0.00011,111045.0,3.49864,111041.0,1.05011,111046.0,0.93856,111040.0,0.00011,111047.0,1.34713,111039.0,0.00011,111048.0,0.36909,111038.0,0.00011,111049.0,3.43439,111037.0,0.90071,111050.0,0.10912,111036.0,0.1646,111051.0,0.83552,111035.0,0.01812,111052.0,0.92054,111034.0,4.7081,111053.0,0.21302,111033.0,0.4503,111054.0,0.00011,111032.0,0.1313,111055.0,3.09891,111031.0,3.25795,111056.0,0.35302,111030.0,2.95684,111057.0,0.31019,111029.0,0.01857,111058.0,4.36145,111028.0,1.52279,111059.0,0.81082,111027.0,1.15506,111060.0,3.31731,111026.0,0.30416,111061.0,1.05954,111025.0,1.19511,111062.0,0.1803,111024.0,4.59045,111063.0,0.26959
1756904130.705327,1756904130334,1756904130334,111043.0,1.04692,111044.0,14.01898,111042.0,0.90048,111045.0,3.61282,111041.0,1.05011,111046.0,1.25365,111040.0,0.00011,111047.0,1.7752,111039.0,0.00011,111048.0,0.36909,111038.0,0.14138,111049.0,3.43439,111037.0,0.00033,111050.0,0.10912,111036.0,0.1646,111051.0,0.83552,111035.0,0.01812,111052.0,0.92054,111034.0,4.75313,111053.0,1.47697,111033.0,0.99056,111054.0,3.26014,111032.0,0.1313,111055.0,3.09891,111031.0,2.71768,111056.0,0.35302,111030.0,3.38469,111057.0,0.31019,111029.0,0.01857,111058.0,4.36145,111028.0,1.52279,111059.0,0.81082,111027.0,1.15506,111060.0,3.31731,111026.0,0.30416,111061.0,1.05954,111025.0,2.47015,111062.0,0.11727,111024.0,4.59045,111063.0,0.26959
1756904131.2730608,1756904130858,1756904130858,111043.0,1.04692,111044.0,13.97368,111042.0,0.00011,111045.0,3.61282,111041.0,1.05011,111046.0,1.29867,111040.0,0.90049,111047.0,1.7752,111039.0,0.04513,111048.0,0.36909,111038.0,0.04513,111049.0,3.43439,111037.0,0.08484,111050.0,0.10912,111036.0,0.19814,111051.0,0.83552,111035.0,0.01812,111052.0,0.92054,111034.0,2.08665,111053.0,0.21302,111033.0,0.54037,111054.0,3.26014,111032.0,0.1313,111055.0,3.09891,111031.0,0.55659,111056.0,0.35302,111030.0,3.65417,111057.0,0.04071,111029.0,3.42973,111058.0,4.36145,111028.0,2.39095,111059.0,0.81082,111027.0,1.15506,111060.0,5.59597,111026.0,0.30416,111061.0,1.05954,111025.0,2.47015,111062.0,0.20553,111024.0,3.67002,111063.0,0.26959
1756904131.8408918,1756904131415,1756904131415,111043.0,1.04692,111044.0,13.98249,111042.0,0.00011,111045.0,3.61282,111041.0,1.95048,111046.0,1.74482,111040.0,1.0605,111047.0,1.34713,111039.0,0.04513,111048.0,0.36909,111038.0,0.04513,111049.0,3.43439,111037.0,0.09038,111050.0,0.10912,111036.0,0.1646,111051.0,0.83552,111035.0,0.01812,111052.0,0.92054,111034.0,2.40178,111053.0,0.21302,111033.0,0.54037,111054.0,4.52358,111032.0,1.39453,111055.0,3.09891,111031.0,0.55659,111056.0,0.35302,111030.0,6.44669,111057.0,0.04071,111029.0,3.42973,111058.0,4.36145,111028.0,0.00011,111059.0,1.0803,111027.0,1.15506,111060.0,5.59597,111026.0,0.30416,111061.0,1.05954,111025.0,2.47015,111062.0,0.20553,111024.0,4.59045,111063.0,0.26959
1756904132.4390388,1756904131979,1756904131979,111043.0,1.04692,111044.0,13.98249,111042.0,0.00011,111045.0,3.61282,111041.0,1.99551,111046.0,1.74482,111040.0,0.16012,111047.0,1.34713,111039.0,0.04513,111048.0,0.36909,111038.0,0.04513,111049.0,3.43439,111037.0,0.00033,111050.0,0.10912,111036.0,0.1646,111051.0,0.83552,111035.0,0.01812,111052.0,0.92054,111034.0,2.40178,111053.0,0.21302,111033.0,0.54037,111054.0,4.52358,111032.0,0.1313,111055.0,3.09891,111031.0,0.55658,111056.0,0.35302,111030.0,9.1481,111057.0,0.04071,111029.0,0.72833,111058.0,4.36145,111028.0,0.02534,111059.0,1.0803,111027.0,1.15506,111060.0,5.59597,111026.0,0.30416,111061.0,1.05954,111025.0,2.47015,111062.0,0.1803,111024.0,4.59045,111063.0,0.26959
1756904132.8659022,1756904132553,1756904132553,111043.0,0.88413,111044.0,14.17277,111042.0,0.06927,111045.0,4.04741,111041.0,1.05011,111046.0,1.74482,111040.0,0.00011,111047.0,3.14782,111039.0,0.00011,111048.0,1.08961,111038.0,0.00011,111049.0,1.63375,111037.0,0.90071,111050.0,0.10912,111036.0,0.31574,111051.0,0.83552,111035.0,0.06953,111052.0,0.92054,111034.0,1.97595,111053.0,0.21302,111033.0,0.67543,111054.0,4.52358,111032.0,0.1313,111055.0,3.09891,111031.0,0.33145,111056.0,0.35302,111030.0,7.09269,111057.0,0.04071,111029.0,0.72833,111058.0,4.36145,111028.0,0.00011,111059.0,1.0803,111027.0,2.95604,111060.0,5.59597,111026.0,0.30416,111061.0,1.05954,111025.0,2.47015,111062.0,0.1803,111024.0,4.59045,111063.0,0.26959
1756904133.5503724,1756904133113,1756904133113,111043.0,0.97416,111044.0,14.18158,111042.0,0.06927,111045.0,4.0568,111041.0,1.05011,111046.0,1.42973,111040.0,0.00011,111047.0,3.14782,111039.0,0.00011,111048.0,1.08961,111038.0,0.00011,111049.0,1.63375,111037.0,0.94574,111050.0,0.56786,111036.0,0.20963,111051.0,0.83552,111035.0,2.33808,111052.0,0.92054,111034.0,0.60094,111053.0,0.21302,111033.0,0.00011,111054.0,4.52358,111032.0,2.02222,111055.0,3.09891,111031.0,0.33145,111056.0,0.35302,111030.0,7.00885,111057.0,0.04071,111029.0,0.72833,111058.0,4.36145,111028.0,0.00011,111059.0,1.0803,111027.0,2.95604,111060.0,5.59597,111026.0,0.30416,111061.0,1.05954,111025.0,2.47015,111062.0,0.20553,111024.0,4.61568,111063.0,0.26959
1756904134.0459478,1756904133636,1756904133636,111043.0,0.88413,111044.0,14.49668,111042.0,0.06927,111045.0,4.0568,111041.0,1.05011,111046.0,1.07229,111040.0,0.00011,111047.0,3.83597,111039.0,0.00011,111048.0,1.08961,111038.0,0.00011,111049.0,1.63375,111037.0,0.94574,111050.0,0.56786,111036.0,0.47602,111051.0,0.83552,111035.0,2.24524,111052.0,0.92054,111034.0,2.14889,111053.0,0.21302,111033.0,0.54037,111054.0,4.52358,111032.0,0.67157,111055.0,3.09891,111031.0,0.33145,111056.0,0.35302,111030.0,7.00885,111057.0,0.04071,111029.0,0.72833,111058.0,4.36145,111028.0,0.00011,111059.0,1.0803,111027.0,2.95604,111060.0,5.59597,111026.0,0.30416,111061.0,1.05954,111025.0,2.47015,111062.0,0.1803,111024.0,4.61568,111063.0,0.26959
1756904134.6103072,1756904134194,1756904134194,111043.0,0.88413,111044.0,14.97391,111042.0,0.96964,111045.0,4.0568,111041.0,1.1651,111046.0,1.07229,111040.0,0.00011,111047.0,3.83597,111039.0,0.04513,111048.0,0.36909,111038.0,0.00011,111049.0,1.63375,111037.0,0.21405,111050.0,0.56786,111036.0,0.30105,111051.0,0.83552,111035.0,2.33808,111052.0,0.92054,111034.0,1.99662,111053.0,0.21302,111033.0,0.54037,111054.0,4.52358,111032.0,0.67157,111055.0,3.09891,111031.0,0.33145,111056.0,0.35302,111030.0,7.00885,111057.0,0.04071,111029.0,0.72833,111058.0,4.36145,111028.0,0.00011,111059.0,1.0803,111027.0,2.95604,111060.0,5.59597,111026.0,0.30416,111061.0,1.05954,111025.0,2.47015,111062.0,0.20553,111024.0,4.61568,111063.0,0.26959
1756904135.1143315,1756904134722,1756904134722,111043.0,0.88413,111044.0,14.65881,111042.0,0.96964,111045.0,4.0568,111041.0,1.1651,111046.0,1.07229,111040.0,0.00011,111047.0,3.83597,111039.0,0.00011,111048.0,0.36909,111038.0,0.00011,111049.0,1.63375,111037.0,0.21405,111050.0,0.56786,111036.0,0.40817,111051.0,0.83552,111035.0,2.34493,111052.0,0.92054,111034.0,1.95159,111053.0,0.21302,111033.0,0.54037,111054.0,4.52358,111032.0,0.67157,111055.0,3.09891,111031.0,0.33145,111056.0,0.35302,111030.0,7.00885,111057.0,0.04071,111029.0,0.72833,111058.0,4.36145,111028.0,0.00011,111059.0,1.0803,111027.0,2.95604,111060.0,5.59597,111026.0,0.30416,111061.0,1.05954,111025.0,2.47015,111062.0,0.20553,111024.0,4.61568,111063.0,0.26959
1756904135.736761,1756904135286,1756904135286,111043.0,0.99216,111044.0,14.023,111042.0,0.06927,111045.0,4.0568,111041.0,1.1651,111046.0,1.07229,111040.0,0.00011,111047.0,3.83597,111039.0,0.00011,111048.0,0.36909,111038.0,0.00011,111049.0,1.63375,111037.0,0.00033,111050.0,0.56786,111036.0,0.39108,111051.0,0.83552,111035.0,2.20302,111052.0,0.92054,111034.0,1.95159,111053.0,0.21302,111033.0,0.54037,111054.0,4.52358,111032.0,0.67157,111055.0,3.09891,111031.0,0.46141,111056.0,0.35302,111030.0,7.72937,111057.0,0.04071,111029.0,0.72833,111058.0,4.36145,111028.0,0.00011,111059.0,1.0803,111027.0,2.95604,111060.0,5.59597,111026.0,0.30416,111061.0,1.05954,111025.0,2.47015,111062.0,0.20553,111024.0,4.61568,111063.0,0.26959
1756904136.1838176,1756904135781,1756904135781,111043.0,1.0918,111044.0,7.81794,111042.0,0.96964,111045.0,4.0568,111041.0,1.1651,111046.0,4.0704,111040.0,0.04513,111047.0,2.03528,111039.0,0.00011,111048.0,0.36909,111038.0,0.13517,111049.0,1.63375,111037.0,0.00033,111050.0,2.3685,111036.0,0.39108,111051.0,0.83552,111035.0,3.86878,111052.0,0.92054,111034.0,0.60094,111053.0,0.21302,111033.0,2.88153,111054.0,4.52358,111032.0,0.1313,111055.0,2.96387,111031.0,0.46141,111056.0,0.35302,111030.0,7.72937,111057.0,0.04071,111029.0,0.72833,111058.0,4.49648,111028.0,0.00011,111059.0,1.0803,111027.0,1.15506,111060.0,5.59597,111026.0,0.30416,111061.0,1.05954,111025.0,2.47015,111062.0,0.1803,111024.0,4.61568,111063.0,0.26959
1756904136.7140517,1756904136332,1756904136332,111043.0,0.97416,111044.0,9.51931,111042.0,0.06927,111045.0,4.0568,111041.0,1.1651,111046.0,4.0704,111040.0,0.00011,111047.0,2.03528,111039.0,0.90049,111048.0,0.36909,111038.0,0.08117,111049.0,1.63375,111037.0,0.25478,111050.0,2.3685,111036.0,0.36429,111051.0,0.83552,111035.0,2.20302,111052.0,0.92054,111034.0,2.49185,111053.0,0.21302,111033.0,1.801,111054.0,4.52358,111032.0,0.44643,111055.0,2.96387,111031.0,1.00168,111056.0,0.35302,111030.0,7.30152,111057.0,0.04071,111029.0,0.01857,111058.0,4.49648,111028.0,0.00011,111059.0,1.0803,111027.0,1.15506,111060.0,5.59597,111026.0,0.30416,111061.0,1.05954,111025.0,2.47015,111062.0,0.20553,111024.0,4.61568,111063.0,0.26959
1756904137.2366412,1756904136834,1756904136834,111043.0,0.97416,111044.0,10.47676,111042.0,0.06927,111045.0,4.0568,111041.0,1.1651,111046.0,4.4683,111040.0,0.00011,111047.0,1.34713,111039.0,0.00011,111048.0,0.36909,111038.0,0.98154,111049.0,1.63375,111037.0,0.20975,111050.0,2.3685,111036.0,0.36429,111051.0,0.83552,111035.0,3.05843,111052.0,0.92054,111034.0,2.49185,111053.0,0.21302,111033.0,1.801,111054.0,4.52358,111032.0,0.44643,111055.0,2.96387,111031.0,3.70308,111056.0,0.35302,111030.0,4.6001,111057.0,0.04071,111029.0,0.01857,111058.0,4.49648,111028.0,0.00011,111059.0,1.0803,111027.0,1.15506,111060.0,5.59597,111026.0,0.30416,111061.0,1.05954,111025.0,2.47015,111062.0,0.1803,111024.0,4.61568,111063.0,0.26959
1756904137.7604103,1756904137338,1756904137338,111043.0,0.97416,111044.0,10.46795,111042.0,0.06927,111045.0,4.3719,111041.0,1.1651,111046.0,4.4683,111040.0,0.00011,111047.0,1.34713,111039.0,0.00011,111048.0,0.36909,111038.0,0.98154,111049.0,1.63375,111037.0,0.20975,111050.0,2.3685,111036.0,0.36429,111051.0,0.83552,111035.0,3.05843,111052.0,0.92054,111034.0,2.53688,111053.0,0.21302,111033.0,1.801,111054.0,4.52358,111032.0,0.44643,111055.0,2.96387,111031.0,4.41319,111056.0,0.35302,111030.0,4.6001,111057.0,0.04071,111029.0,0.01857,111058.0,4.49648,111028.0,0.00011,111059.0,1.0803,111027.0,1.15506,111060.0,5.59597,111026.0,0.30416,111061.0,1.05954,111025.0,2.47015,111062.0,0.1803,111024.0,4.61568,111063.0,0.29482
1756904138.4543598,1756904137941,1756904137941,111043.0,0.97416,111044.0,10.46795,111042.0,0.06927,111045.0,4.3719,111041.0,1.1651,111046.0,4.4683,111040.0,0.00011,111047.0,1.34713,111039.0,0.24565,111048.0,0.36909,111038.0,0.08117,111049.0,1.63375,111037.0,0.11972,111050.0,2.3685,111036.0,0.30105,111051.0,0.83552,111035.0,3.05843,111052.0,0.92054,111034.0,2.53688,111053.0,0.21302,111033.0,1.801,111054.0,4.52358,111032.0,0.44643,111055.0,2.96387,111031.0,4.41319,111056.0,0.35302,111030.0,4.6001,111057.0,0.04071,111029.0,0.01857,111058.0,4.49648,111028.0,0.00011,111059.0,1.0803,111027.0,1.15506,111060.0,5.59597,111026.0,0.30416,111061.0,1.05954,111025.0,2.47015,111062.0,0.1803,111024.0,4.61568,111063.0,0.29482
1756904138.9168115,1756904138548,1756904138548,111043.0,1.07937,111044.0,10.47676,111042.0,0.96964,111045.0,4.3719,111041.0,1.1651,111046.0,4.4683,111040.0,0.00011,111047.0,1.34713,111039.0,0.13517,111048.0,0.36909,111038.0,0.00011,111049.0,1.63375,111037.0,0.00033,111050.0,2.3685,111036.0,0.25602,111051.0,0.83552,111035.0,3.05843,111052.0,0.92054,111034.0,3.07714,111053.0,0.21302,111033.0,1.801,111054.0,4.52358,111032.0,0.67157,111055.0,2.96387,111031.0,3.16281,111056.0,0.35302,111030.0,4.6001,111057.0,0.04071,111029.0,0.01857,111058.0,4.49648,111028.0,0.00011,111059.0,1.0803,111027.0,1.15506,111060.0,5.59597,111026.0,0.30416,111061.0,1.05954,111025.0,2.47015,111062.0,0.1803,111024.0,4.61568,111063.0,0.29482
1756904139.549853,1756904139069,1756904139069,111043.0,0.97416,111044.0,7.82675,111042.0,0.06927,111045.0,4.3719,111041.0,1.1651,111046.0,3.75531,111040.0,0.90049,111047.0,1.34713,111039.0,0.13517,111048.0,0.36909,111038.0,0.00011,111049.0,1.63375,111037.0,0.04536,111050.0,2.3685,111036.0,0.29185,111051.0,0.83552,111035.0,3.10346,111052.0,0.92054,111034.0,2.53688,111053.0,0.21302,111033.0,1.801,111054.0,4.52358,111032.0,0.67157,111055.0,2.6488,111031.0,3.87932,111056.0,0.35302,111030.0,4.6001,111057.0,0.04071,111029.0,0.01857,111058.0,4.49648,111028.0,0.00011,111059.0,1.0803,111027.0,1.15506,111060.0,5.59597,111026.0,0.30416,111061.0,1.05954,111025.0,2.47015,111062.0,0.1803,111024.0,4.61568,111063.0,0.29482
1756904140.119961,1756904139605,1756904139605,111043.0,0.09177,111044.0,17.83253,111042.0,0.00011,111045.0,3.6161,111041.0,1.05011,111046.0,1.05427,111040.0,0.00011,111047.0,0.18018,111039.0,0.00011,111048.0,1.0811,111038.0,0.00011,111049.0,1.06887,111037.0,0.00011,111050.0,4.5743,111036.0,0.00371,111051.0,0.1151,111035.0,0.01812,111052.0,1.46072,111034.0,0.25071,111053.0,0.4825,111033.0,0.90055,111054.0,3.26014,111032.0,0.00011,111055.0,1.29839,111031.0,0.00011,111056.0,0.35302,111030.0,0.00011,111057.0,0.04071,111029.0,0.01812,111058.0,1.12054,111028.0,0.00011,111059.0,0.54016,111027.0,0.13518,111060.0,3.23731,111026.0,1.38543,111061.0,1.05954,111025.0,0.00011,111062.0,0.1425,111024.0,0.54042,111063.0,2.52011
1756904140.6738946,1756904140173,1756904140173,111043.0,0.03838,111044.0,27.14944,111042.0,0.00011,111045.0,4.64919,111041.0,1.05011,111046.0,1.59447,111040.0,0.00011,111047.0,3.08589,111039.0,0.00011,111048.0,0.36909,111038.0,0.00011,111049.0,1.33835,111037.0,0.00011,111050.0,1.33556,111036.0,0.00011,111051.0,0.1151,111035.0,0.00011,111052.0,1.08587,111034.0,0.00011,111053.0,0.59845,111033.0,0.00011,111054.0,1.40121,111032.0,0.00011,111055.0,1.29839,111031.0,0.00011,111056.0,0.00331,111030.0,0.00011,111057.0,0.04071,111029.0,0.08727,111058.0,1.12054,111028.0,0.00011,111059.0,1.72873,111027.0,0.01631,111060.0,4.99808,111026.0,0.03468,111061.0,2.24809,111025.0,0.00011,111062.0,0.14033,111024.0,0.9006,111063.0,2.52011
1756904141.1002238,1756904140741,1756904140741,111043.0,0.03838,111044.0,29.47906,111042.0,0.00011,111045.0,1.48366,111041.0,1.05011,111046.0,3.80856,111040.0,0.00011,111047.0,2.55427,111039.0,0.00011,111048.0,0.36909,111038.0,0.00011,111049.0,3.71524,111037.0,0.00011,111050.0,1.51092,111036.0,0.00011,111051.0,2.55113,111035.0,0.00011,111052.0,1.08587,111034.0,0.00011,111053.0,0.4825,111033.0,0.00011,111054.0,4.119,111032.0,0.00011,111055.0,1.29839,111031.0,0.00011,111056.0,0.00331,111030.0,0.00011,111057.0,3.41675,111029.0,0.00011,111058.0,15.58928,111028.0,0.00011,111059.0,1.72873,111027.0,0.00011,111060.0,12.22345,111026.0,0.00011,111061.0,2.12709,111025.0,0.00011,111062.0,0.1151,111024.0,0.00011,111063.0,0.26959
1756904141.776187,1756904141305,1756904141305,111039.0,0.00011,111042.0,37.38503,111038.0,0.00011,111043.0,33.70758,111037.0,0.00011,111044.0,34.98306,111036.0,0.00011,111045.0,1.48366,111035.0,0.00011,111046.0,2.92797,111034.0,0.00011,111047.0,2.55427,111033.0,0.00011,111048.0,0.36909,111032.0,0.00011,111049.0,1.33835,111031.0,0.00011,111050.0,1.41556,111030.0,0.00011,111051.0,2.3659,111029.0,0.00011,111052.0,0.92054,111028.0,0.00011,111053.0,0.4825,111027.0,0.00011,111054.0,9.66663,111026.0,0.00011,111055.0,1.29839,111025.0,0.00011,111056.0,0.45398,111024.0,0.00011,111057.0,3.41675,111023.0,0.06925,111058.0,15.58928,111022.0,1.25364,111059.0,1.72873,111021.0,0.01473,111060.0,13.10345,111020.0,0.07809,111061.0,2.12709
1756904142.321358,1756904141855,1756904141855,111038.0,0.00011,111040.0,45.51506,111035.0,0.00011,111041.0,50.08053,111032.0,0.00011,111042.0,18.38937,111031.0,0.00011,111043.0,26.78413,111029.0,0.00011,111044.0,20.95753,111028.0,0.00011,111045.0,1.44471,111027.0,0.00011,111046.0,2.06636,111026.0,0.00011,111047.0,2.50925,111025.0,0.00011,111048.0,0.36931,111024.0,0.00011,111049.0,5.0794,111023.0,0.06925,111050.0,1.41534,111022.0,0.48818,111051.0,2.3659,111021.0,0.01473,111052.0,0.92054,111020.0,0.97862,111053.0,0.26959,111019.0,0.00011,111054.0,9.66663,111018.0,0.00837,111055.0,1.29839,111017.0,0.02632,111056.0,0.45398,111016.0,0.00011,111057.0,3.41675,111015.0,2.07006,111058.0,15.47932,111014.0,0.00011,111059.0,1.72873
1756904142.6750805,1756904142389,1756904142389,111023.0,0.96564,111024.0,1.89082,111022.0,0.35311,111025.0,0.98342,111021.0,0.01473,111026.0,0.73342,111020.0,0.07809,111027.0,1.87365,111019.0,0.00011,111028.0,3.25545,111018.0,0.00837,111029.0,2.39517,111017.0,0.07135,111030.0,4.65558,111016.0,0.00011,111031.0,2.72607,111015.0,3.17357,111032.0,2.5029,111014.0,0.00011,111033.0,2.37231,111013.0,2.48339,111034.0,4.24508,111012.0,4.03521,111035.0,2.60214,111011.0,1.82214,111036.0,0.80061,111010.0,0.09019,111037.0,0.70149,111009.0,1.58612,111038.0,0.75104,111008.0,1.55697,111039.0,41.24443,111007.0,0.27051,111040.0,66.53484,111006.0,5.67609,111041.0,30.77415,111005.0,1.13635,111042.0,1.52058,111004.0,5.61032,111043.0,0.26521
1756904144.0522814,1756904142988,1756904142988,111023.0,0.87393,111024.0,13.83676,111022.0,0.35758,111025.0,4.95047,111021.0,0.05976,111026.0,4.19487,111020.0,0.07809,111027.0,5.00702,111019.0,0.00011,111028.0,3.39738,111018.0,0.0534,111029.0,2.75334,111017.0,0.07135,111030.0,4.90949,111016.0,0.00011,111031.0,10.69993,111015.0,0.51529,111032.0,2.08861,111014.0,4.17878,111033.0,5.03171,111013.0,2.05366,111034.0,4.90187,111012.0,3.81886,111035.0,4.16125,111011.0,1.81937,111036.0,5.41328,111010.0,0.09159,111037.0,0.12958,111009.0,2.8065,111038.0,0.50761,111008.0,2.97283,111039.0,9.06993,111007.0,0.27051,111040.0,0.64339,111006.0,5.67609,111041.0,0.53191,111005.0,1.1994,111042.0,1.14204,111004.0,5.61032,111043.0,0.26521
1756904144.0670047,1756904143539,1756904143539,111023.0,1.77446,111024.0,12.5732,111022.0,0.35398,111025.0,4.45459,111021.0,0.01473,111026.0,3.69899,111020.0,0.07809,111027.0,3.18771,111019.0,0.00011,111028.0,0.11417,111018.0,0.0534,111029.0,0.333,111017.0,0.07135,111030.0,2.82105,111016.0,1.35099,111031.0,0.01801,111015.0,1.86617,111032.0,0.333,111014.0,2.96682,111033.0,1.17748,111013.0,2.05366,111034.0,0.05289,111012.0,3.90894,111035.0,0.95518,111011.0,1.8446,111036.0,1.13572,111010.0,0.09159,111037.0,0.01801,111009.0,2.8065,111038.0,0.39605,111008.0,2.97283,111039.0,6.95941,111007.0,0.27051,111040.0,0.29944,111006.0,5.67609,111041.0,0.37617,111005.0,1.20213,111042.0,3.11911,111004.0,5.61032,111043.0,0.26521
1756904144.4386816,1756904144039,1756904144039,111023.0,1.63939,111024.0,12.5732,111022.0,0.35398,111025.0,7.63614,111021.0,0.14981,111026.0,6.73666,111020.0,0.07809,111027.0,3.18599,111019.0,0.04514,111028.0,0.11417,111018.0,0.0534,111029.0,0.333,111017.0,0.07135,111030.0,2.86608,111016.0,3.0157,111031.0,0.01801,111015.0,1.86617,111032.0,0.333,111014.0,3.07109,111033.0,1.17748,111013.0,2.11583,111034.0,0.05289,111012.0,3.96866,111035.0,1.28818,111011.0,1.81937,111036.0,2.05615,111010.0,0.09159,111037.0,0.01801,111009.0,2.8065,111038.0,2.56768,111008.0,2.97283,111039.0,7.66118,111007.0,0.36059,111040.0,0.29944,111006.0,5.67609,111041.0,0.37617,111005.0,1.20213,111042.0,3.11911,111004.0,5.61032,111043.0,3.28652
1756904144.9672356,1756904144604,1756904144604,111023.0,0.67374,111024.0,26.65384,111022.0,0.00371,111025.0,6.85819,111021.0,0.01473,111026.0,0.06123,111020.0,0.04211,111027.0,1.32694,111019.0,0.04514,111028.0,11.24521,111018.0,0.0534,111029.0,1.12338,111017.0,0.05334,111030.0,2.62706,111016.0,0.00371,111031.0,0.01801,111015.0,0.00011,111032.0,0.46806,111014.0,0.00011,111033.0,1.13245,111013.0,0.00011,111034.0,0.05289,111012.0,0.00011,111035.0,0.61279,111011.0,0.1151,111036.0,2.50645,111010.0,0.01771,111037.0,4.52014,111009.0,0.1352,111038.0,4.01204,111008.0,2.47818,111039.0,1.58038,111007.0,0.90077,111040.0,3.47595,111006.0,3.63396,111041.0,0.454,111005.0,0.18853,111042.0,0.92043,111004.0,2.60261,111043.0,3.19506
1756904145.624201,1756904145233,1756904145233,111023.0,0.00011,111024.0,29.24054,111022.0,0.00011,111025.0,6.7706,111021.0,0.01473,111026.0,4.04296,111020.0,0.04211,111027.0,4.71913,111019.0,0.00011,111028.0,11.7855,111018.0,0.01197,111029.0,1.93315,111017.0,0.00831,111030.0,3.13735,111016.0,0.00371,111031.0,0.01801,111015.0,0.00011,111032.0,0.46806,111014.0,0.00011,111033.0,1.13245,111013.0,0.00011,111034.0,0.17389,111012.0,0.90071,111035.0,0.61279,111011.0,0.00011,111036.0,2.5869,111010.0,0.00151,111037.0,0.01801,111009.0,0.00011,111038.0,0.84672,111008.0,0.00831,111039.0,1.62572,111007.0,0.00011,111040.0,0.10219,111006.0,0.1352,111041.0,2.70498,111005.0,0.22451,111042.0,0.92043,111004.0,1.35112,111043.0,6.47899
1756904146.0184221,1756904145636,1756904145636,111020.0,0.03146,111022.0,47.68724,111019.0,0.00011,111023.0,43.13079,111018.0,0.00826,111024.0,30.09809,111017.0,0.0082,111025.0,6.7706,111016.0,0.00371,111026.0,0.43483,111015.0,0.00011,111027.0,4.71913,111014.0,0.00011,111028.0,11.7855,111013.0,0.00011,111029.0,1.93315,111012.0,0.00011,111030.0,3.59862,111011.0,0.00011,111031.0,0.35534,111010.0,0.00151,111032.0,0.47275,111009.0,0.00011,111033.0,1.13245,111008.0,0.00831,111034.0,0.17389,111007.0,0.90072,111035.0,0.61279,111006.0,0.1352,111036.0,2.46081,111005.0,0.22451,111037.0,0.01801,111004.0,1.35112,111038.0,2.45272,111003.0,0.54052,111039.0,1.62572,111002.0,0.36675,111040.0,0.10219,111001.0,5.04607,111041.0,2.58398
1756904146.621324,1756904146191,1756904146191,111020.0,0.03157,111021.0,45.65878,111018.0,0.00837,111022.0,36.9903,111017.0,0.00831,111023.0,36.68432,111016.0,0.00011,111024.0,7.95215,111014.0,0.00011,111025.0,2.431,111013.0,0.00011,111026.0,0.48168,111012.0,0.00011,111027.0,4.83011,111011.0,0.00011,111028.0,11.81642,111010.0,0.06925,111029.0,1.2982,111009.0,0.00011,111030.0,3.57325,111008.0,0.00831,111031.0,0.33315,111007.0,0.90072,111032.0,0.59415,111006.0,0.1352,111033.0,0.92088,111005.0,2.41585,111034.0,0.17389,111004.0,1.35112,111035.0,0.61279,111003.0,0.00011,111036.0,1.64021,111002.0,0.90716,111037.0,0.01801,111001.0,2.34395,111038.0,2.45272,111000.0,2.22936,111039.0,1.42572,110999.0,2.72845,111040.0,0.4173
1756904147.1994178,1756904146726,1756904146726,111020.0,0.03157,111021.0,30.95744,111019.0,0.00011,111022.0,30.98682,111018.0,0.00837,111023.0,0.45995,111017.0,0.00831,111024.0,7.95215,111016.0,0.00011,111025.0,2.45623,111015.0,0.00011,111026.0,0.48168,111014.0,0.00011,111027.0,4.71913,111013.0,0.00011,111028.0,11.74069,111012.0,0.90071,111029.0,1.25776,111011.0,0.1352,111030.0,3.64241,111010.0,0.06925,111031.0,0.33315,111009.0,0.00011,111032.0,0.59415,111008.0,0.00831,111033.0,0.92088,111007.0,0.00011,111034.0,0.17389,111006.0,0.00011,111035.0,0.61279,111005.0,2.89392,111036.0,1.64021,111004.0,0.00011,111037.0,0.01801,111003.0,1.35113,111038.0,2.54277,111002.0,0.90716,111039.0,1.42572,111001.0,2.38899,111040.0,0.4173
1756904147.6590812,1756904147249,1756904147249,111020.0,0.03157,111021.0,29.60617,111019.0,0.00011,111022.0,17.23901,111018.0,0.00837,111023.0,0.45995,111017.0,0.00831,111024.0,7.94334,111016.0,0.00011,111025.0,2.431,111015.0,0.00011,111026.0,0.58627,111014.0,0.00011,111027.0,4.81723,111013.0,0.1352,111028.0,11.80572,111012.0,0.90072,111029.0,1.25776,111011.0,0.00011,111030.0,3.64241,111010.0,0.06925,111031.0,0.33315,111009.0,0.00011,111032.0,0.59415,111008.0,0.00831,111033.0,0.92088,111007.0,0.00011,111034.0,0.17389,111006.0,0.00011,111035.0,0.61279,111005.0,2.89392,111036.0,1.64021,111004.0,0.00011,111037.0,0.01801,111003.0,1.35113,111038.0,2.54277,111002.0,0.90716,111039.0,1.51577,111001.0,2.34395,111040.0,0.4173
1756904148.7350767,1756904147858,1756904147858,111020.0,0.03157,111021.0,31.74018,111019.0,0.00011,111022.0,7.3421,111018.0,0.00837,111023.0,0.45995,111017.0,0.00831,111024.0,6.59254,111016.0,0.00011,111025.0,1.84714,111015.0,0.00011,111026.0,0.41863,111014.0,0.00011,111027.0,3.49843,111013.0,0.00011,111028.0,1.0808,111012.0,0.90072,111029.0,0.71747,111011.0,0.06925,111030.0,3.64241,111010.0,0.00011,111031.0,0.33315,111009.0,0.00011,111032.0,0.46806,111008.0,0.00831,111033.0,0.92088,111007.0,0.1352,111034.0,0.17389,111006.0,0.00011,111035.0,0.61279,111005.0,0.22451,111036.0,2.3653,111004.0,3.65189,111037.0,0.01801,111003.0,1.89155,111038.0,2.54277,111002.0,0.36675,111039.0,1.51577,111001.0,3.24466,111040.0,0.4173
1756904148.9531205,1756904148313,1756904148313,111020.0,0.03157,111021.0,32.85715,111019.0,0.00011,111022.0,7.3421,111018.0,0.00837,111023.0,6.00443,111017.0,0.00831,111024.0,3.31848,111016.0,0.00011,111025.0,1.30684,111015.0,0.00011,111026.0,0.48168,111014.0,0.00011,111027.0,3.4732,111013.0,0.00011,111028.0,0.54051,111012.0,0.00011,111029.0,2.96868,111011.0,0.00011,111030.0,3.64241,111010.0,0.00011,111031.0,0.33315,111009.0,0.00011,111032.0,0.45909,111008.0,0.00831,111033.0,0.92088,111007.0,0.00011,111034.0,7.39926,111006.0,0.00011,111035.0,2.86387,111005.0,0.22451,111036.0,2.3653,111004.0,0.00011,111037.0,0.01801,111003.0,0.00011,111038.0,2.54277,111002.0,0.36675,111039.0,1.4726,111001.0,0.00211,111040.0,0.10219
1756904149.3926148,1756904148929,1756904148929,111020.0,0.03177,111021.0,36.80266,111019.0,0.00011,111022.0,11.84623,111018.0,0.00837,111023.0,3.4214,111017.0,0.00831,111024.0,2.72615,111016.0,0.00011,111025.0,1.30684,111015.0,0.00011,111026.0,0.0878,111014.0,0.00011,111027.0,3.41866,111013.0,0.00011,111028.0,2.25144,111012.0,0.00011,111029.0,2.63569,111011.0,0.00011,111030.0,1.69524,111010.0,0.00011,111031.0,0.33315,111009.0,0.00011,111032.0,7.22537,111008.0,0.00831,111033.0,4.70941,111007.0,0.00011,111034.0,7.39926,111006.0,0.00011,111035.0,0.27979,111005.0,0.18853,111036.0,10.77949,111004.0,0.00011,111037.0,1.17187,111003.0,0.00011,111038.0,1.79257,111002.0,1.03601,111039.0,1.48844,111001.0,0.00211,111040.0,0.10219
1756904149.9303436,1756904149443,1756904149443,111008.0,0.00394,111019.0,64.73611,111007.0,0.00011,111020.0,38.04078,111006.0,0.00011,111021.0,13.29439,111005.0,0.18853,111022.0,2.95648,111004.0,0.00011,111023.0,3.4214,111003.0,0.00011,111024.0,2.11721,111002.0,0.13532,111025.0,1.30684,111001.0,0.00211,111026.0,2.58597,111000.0,1.80924,111027.0,3.37009,110999.0,0.11343,111028.0,2.30071,110998.0,0.00038,111029.0,2.63569,110997.0,0.00021,111030.0,1.59524,110996.0,0.00011,111031.0,7.6428,110995.0,0.00011,111032.0,7.22537,110994.0,0.01631,111033.0,0.92088,110993.0,0.01812,111034.0,7.27826,110992.0,2.54706,111035.0,0.27979,110991.0,1.08105,111036.0,10.82009,110990.0,1.83714,111037.0,1.17187,110989.0,0.99935,111038.0,1.79257
1756904150.6046803,1756904150085,1756904150085,111005.0,0.18693,111009.0,37.88023,111002.0,0.00011,111010.0,5.86853,111001.0,0.002,111011.0,3.82759,111000.0,0.90843,111012.0,3.9132,110999.0,0.0082,111013.0,13.7559,110998.0,0.00038,111014.0,10.68534,110997.0,0.00021,111015.0,3.81361,110996.0,0.00011,111016.0,2.40607,110995.0,0.13521,111017.0,0.65732,110994.0,0.00011,111018.0,1.36968,110993.0,0.90085,111019.0,24.4504,110992.0,0.04583,111020.0,0.00939,110991.0,0.00011,111021.0,5.08309,110990.0,0.00011,111023.0,3.24126,110989.0,0.02451,111024.0,1.89421,110988.0,4.80258,111025.0,1.30706,110987.0,3.57094,111026.0,2.5838,110986.0,0.61057,111027.0,3.26168,110985.0,2.86087,111028.0,2.25122,110984.0,2.31708,111029.0,2.5207
1756904150.9630618,1756904150531,1756904150531,111005.0,0.18693,111006.0,59.99266,111004.0,0.00011,111007.0,19.60956,111002.0,0.00011,111008.0,17.23832,111001.0,0.1371,111009.0,15.73156,111000.0,0.90843,111010.0,2.30488,110999.0,0.0082,111011.0,0.55207,110998.0,0.00038,111012.0,1.14361,110997.0,0.00021,111013.0,4.62473,110996.0,0.00011,111014.0,2.76765,110995.0,0.00011,111015.0,0.17968,110994.0,0.00011,111016.0,1.28755,110993.0,0.00011,111017.0,2.50195,110992.0,0.00011,111018.0,22.47671,110991.0,0.00011,111019.0,14.68999,110990.0,0.90084,111020.0,0.08939,110989.0,0.10553,111021.0,4.38888,110988.0,4.54753,111023.0,3.24126,110987.0,3.61599,111024.0,1.89421,110986.0,1.31948,111025.0,0.0274,110985.0,3.04104,111026.0,2.67386
1756904151.667264,1756904151090,1756904151090,111005.0,0.18704,111006.0,39.52334,111004.0,0.00011,111007.0,3.74008,111003.0,0.00011,111008.0,2.14524,111002.0,0.00022,111009.0,7.54058,111001.0,0.13721,111010.0,1.36963,111000.0,0.90854,111011.0,0.64844,110999.0,0.00831,111012.0,0.96568,110998.0,0.90092,111013.0,0.01801,110997.0,0.00021,111014.0,0.58992,110996.0,0.00011,111015.0,0.08049,110995.0,0.00011,111016.0,0.60781,110994.0,0.00011,111017.0,1.18991,110993.0,0.00011,111018.0,6.71992,110992.0,0.00011,111019.0,13.79728,110991.0,0.56536,111020.0,0.08939,110990.0,1.35129,111021.0,4.0486,110989.0,0.06049,111023.0,1.00069,110988.0,4.98509,111024.0,1.26197,110987.0,4.31969,111025.0,0.05263,110986.0,1.31948,111026.0,0.13066
1756904152.0596652,1756904151677,1756904151677,111005.0,0.18704,111006.0,32.823,111004.0,0.00011,111007.0,0.55852,111003.0,0.00011,111008.0,4.23319,111002.0,0.00022,111009.0,6.50571,111001.0,0.00211,111010.0,1.43269,111000.0,0.90854,111011.0,0.76944,110999.0,0.00831,111012.0,3.7872,110998.0,0.00021,111013.0,1.07258,110997.0,0.00021,111014.0,0.04956,110996.0,0.00011,111015.0,0.22288,110995.0,0.00011,111016.0,0.65911,110994.0,0.00011,111017.0,1.18991,110993.0,0.00011,111018.0,6.71992,110992.0,0.13521,111019.0,13.23024,110991.0,0.90082,111020.0,0.08939,110990.0,0.02645,111021.0,2.18393,110989.0,0.13238,111022.0,0.13508,110988.0,1.39635,111023.0,1.00069,110987.0,2.50544,111024.0,1.26197,110986.0,1.15106,111025.0,3.53804
1756904152.7599342,1756904152225,1756904152225,111005.0,0.11792,111006.0,32.54629,111004.0,0.00011,111007.0,6.54545,111003.0,0.00011,111008.0,0.37804,111002.0,0.00022,111009.0,5.02814,111001.0,0.13721,111010.0,1.91072,111000.0,0.90854,111011.0,0.49904,110999.0,0.00831,111012.0,5.0921,110998.0,0.00021,111013.0,2.71981,110997.0,0.00021,111014.0,0.58991,110996.0,0.00011,111015.0,0.22288,110995.0,0.00011,111016.0,0.533,110994.0,0.00011,111017.0,0.92043,110993.0,0.00011,111018.0,6.71992,110992.0,1.45987,111019.0,12.91507,110991.0,0.00011,111020.0,0.08939,110990.0,2.27829,111021.0,2.06293,110989.0,3.28853,111022.0,0.13508,110988.0,1.81316,111023.0,0.55002,110987.0,3.08552,111024.0,1.26197,110986.0,0.07008,111025.0,3.53804
1756904153.2837358,1756904152757,1756904152757,111005.0,0.11792,111006.0,32.61543,111004.0,0.00011,111007.0,0.55852,111003.0,0.00011,111008.0,3.74557,111002.0,0.00022,111009.0,5.01933,111001.0,0.13721,111010.0,1.97378,111000.0,0.90854,111011.0,0.49904,110999.0,0.00831,111012.0,5.78278,110998.0,0.00021,111013.0,2.71981,110997.0,0.00021,111014.0,0.58991,110996.0,0.00011,111015.0,0.49236,110995.0,0.00011,111016.0,0.65911,110994.0,0.00011,111017.0,0.92043,110993.0,0.00011,111018.0,6.71992,110992.0,0.00011,111019.0,12.8719,110991.0,2.5295,111020.0,0.08939,110990.0,2.27829,111021.0,2.06293,110989.0,0.04569,111022.0,0.13508,110988.0,0.84784,111023.0,0.55002,110987.0,6.75571,111024.0,1.71264,110986.0,1.08651,111025.0,3.78229
1756904154.1492527,1756904153341,1756904153341,111005.0,0.11472,111006.0,32.36616,111004.0,0.00011,111007.0,0.55852,111003.0,0.00011,111008.0,3.88066,111002.0,0.00022,111009.0,5.01933,111001.0,1.03789,111010.0,1.97378,111000.0,0.90854,111011.0,0.49904,110999.0,0.00831,111012.0,5.78278,110998.0,0.00021,111013.0,2.71981,110997.0,0.00021,111014.0,0.58991,110996.0,0.00011,111015.0,0.49236,110995.0,0.00011,111016.0,0.65911,110994.0,0.00011,111017.0,0.92043,110993.0,0.00011,111018.0,6.71992,110992.0,0.00011,111019.0,12.8719,110991.0,1.44495,111020.0,0.08939,110990.0,0.07149,111021.0,2.06293,110989.0,0.04569,111022.0,0.13508,110988.0,2.99692,111023.0,0.55002,110987.0,2.68016,111024.0,1.71264,110986.0,0.38534,111025.0,3.78229
1756904154.3936288,1756904153831,1756904153831,111000.0,0.18551,111001.0,8.90016,110999.0,0.00831,111002.0,8.40011,110998.0,0.00021,111003.0,5.13339,110997.0,0.00021,111004.0,2.79967,110996.0,0.00011,111005.0,2.54967,110995.0,0.00011,111006.0,31.91569,110994.0,0.00011,111007.0,0.55852,110993.0,0.00011,111008.0,3.7906,110992.0,0.94584,111009.0,2.77882,110991.0,1.3963,111010.0,0.55978,110990.0,0.02645,111011.0,0.49904,110989.0,0.58615,111012.0,5.46759,110988.0,4.65131,111013.0,0.01801,110987.0,3.06029,111014.0,1.40044,110986.0,0.07008,111015.0,0.49236,110985.0,0.15838,111016.0,0.533,110984.0,0.00011,111017.0,3.62213,110983.0,3.05301,111018.0,7.26025,110982.0,2.78661,111019.0,12.8719,110981.0,1.3156,111020.0,0.08939
1756904154.781048,1756904154400,1756904154400,111000.0,0.32061,111001.0,22.57735,110999.0,0.00831,111002.0,5.26135,110998.0,0.00021,111003.0,3.04354,110997.0,0.00021,111004.0,1.12406,110996.0,0.00011,111005.0,1.65547,110995.0,0.00011,111006.0,10.23703,110994.0,0.00011,111007.0,0.01823,110993.0,0.04515,111008.0,2.66548,110992.0,4.08274,111009.0,2.51363,110991.0,0.19335,111010.0,0.62284,110990.0,1.42785,111011.0,0.454,110989.0,1.04141,111012.0,5.46737,110988.0,4.65131,111013.0,0.33365,110987.0,3.40078,111014.0,1.40044,110986.0,0.2052,111015.0,0.27887,110985.0,0.15838,111016.0,0.65911,110984.0,0.00011,111017.0,3.62213,110983.0,4.35265,111018.0,7.2598,110982.0,2.78661,111019.0,12.8719,110981.0,1.3156,111020.0,0.08939
1756904155.3208873,1756904154901,1756904154901,111000.0,1.22129,111001.0,17.35366,110999.0,0.00831,111002.0,3.31215,110998.0,0.00021,111003.0,8.09559,110997.0,0.00021,111005.0,0.00932,110996.0,0.00011,111006.0,0.97428,110995.0,0.00011,111007.0,0.15332,110994.0,3.93699,111008.0,2.66548,110993.0,3.48238,111009.0,4.63537,110992.0,0.10936,111010.0,0.76873,110991.0,0.80376,111011.0,0.454,110990.0,2.77904,111012.0,2.60082,110989.0,0.58616,111013.0,0.01846,110988.0,3.13218,111015.0,1.81056,110987.0,0.02534,111016.0,0.533,110986.0,0.2052,111017.0,1.73025,110985.0,0.15838,111018.0,6.80954,110984.0,2.70256,111019.0,12.8719,110983.0,2.66067,111020.0,1.44022,110982.0,4.13788,111021.0,4.76452,110981.0,0.01813,111022.0,0.54306
1756904155.7942634,1756904155411,1756904155411,111000.0,0.3759,111001.0,16.19858,110999.0,0.00831,111002.0,3.69019,110998.0,0.00021,111003.0,8.09559,110997.0,0.00021,111004.0,2.76329,110996.0,0.00011,111005.0,0.23449,110995.0,2.20838,111006.0,0.97428,110994.0,3.16287,111007.0,1.81953,110993.0,0.55141,111008.0,3.96945,110992.0,1.39629,111009.0,1.93347,110991.0,0.1151,111010.0,0.76873,110990.0,2.56308,111011.0,1.86799,110989.0,0.58616,111012.0,4.91056,110988.0,5.85076,111013.0,0.55882,110987.0,0.55861,111015.0,0.54974,110986.0,0.13523,111016.0,0.65911,110985.0,0.16791,111017.0,1.18991,110984.0,0.00011,111018.0,6.80954,110983.0,2.66427,111019.0,12.90674,110982.0,2.78661,111020.0,0.40456,110981.0,2.72427,111021.0,4.8996
1756904156.3080103,1756904155920,1756904155920,111000.0,0.32061,111001.0,22.1045,110999.0,0.00831,111002.0,3.69019,110998.0,0.00021,111003.0,8.09559,110997.0,0.00021,111004.0,0.19634,110996.0,0.90081,111005.0,1.37609,110995.0,1.18121,111006.0,3.40701,110994.0,3.07923,111007.0,1.81953,110993.0,0.48284,111008.0,1.682,110992.0,0.00011,111009.0,1.93347,110991.0,0.16014,111010.0,0.76873,110990.0,3.19787,111011.0,1.86799,110989.0,0.04429,111012.0,5.93201,110988.0,2.0604,111013.0,0.55882,110987.0,1.21228,111014.0,1.62704,110986.0,2.83766,111015.0,2.86953,110985.0,0.16791,111016.0,0.65911,110984.0,0.00011,111017.0,1.18991,110983.0,3.10424,111018.0,6.80954,110982.0,2.78661,111019.0,12.90674,110981.0,2.72067,111020.0,0.40456
1756904156.752132,1756904156423,1756904156423,111000.0,1.2213,111001.0,22.26322,110999.0,0.00831,111002.0,0.96724,110998.0,0.00021,111003.0,8.09559,110997.0,0.11164,111004.0,0.06124,110996.0,0.08688,111005.0,1.51119,110995.0,0.08178,111006.0,3.40701,110994.0,1.00699,111007.0,1.81953,110993.0,0.00011,111008.0,1.682,110992.0,1.78024,111009.0,1.93347,110991.0,0.16014,111010.0,0.76873,110990.0,2.55308,111011.0,1.80493,110989.0,2.74667,111012.0,5.93201,110988.0,3.1176,111013.0,0.87401,110987.0,1.48268,111014.0,1.62704,110986.0,0.13523,111015.0,0.54974,110985.0,0.16791,111016.0,0.533,110984.0,0.00011,111017.0,1.18991,110983.0,3.10424,111018.0,6.80954,110982.0,2.78661,111019.0,12.90674,110981.0,2.72067,111020.0,0.40456
1756904157.4129941,1756904156946,1756904156946,111000.0,0.27538,111001.0,19.5523,110999.0,0.00831,111002.0,4.15729,110998.0,1.03601,111003.0,8.09559,110997.0,0.11164,111004.0,2.76327,110996.0,0.08688,111005.0,1.89554,110995.0,0.08178,111006.0,4.84248,110994.0,2.60756,111007.0,1.81953,110993.0,0.04515,111008.0,1.682,110992.0,0.42909,111009.0,4.24663,110991.0,1.82654,111010.0,0.76873,110990.0,2.50804,111011.0,1.86799,110989.0,2.74667,111012.0,5.93201,110988.0,3.08256,111013.0,0.87401,110987.0,0.9422,111015.0,0.54974,110986.0,0.13523,111016.0,0.65911,110985.0,0.16791,111017.0,1.18991,110984.0,0.00011,111018.0,6.80954,110983.0,2.66427,111019.0,13.04182,110982.0,2.78661,111020.0,0.40456,110981.0,3.03595,111021.0,2.06293
1756904157.8220372,1756904157490,1756904157490,111000.0,1.42083,111001.0,19.49937,110999.0,0.41675,111002.0,4.15729,110998.0,0.12002,111003.0,7.17516,110997.0,0.11164,111004.0,2.76327,110996.0,0.08688,111005.0,1.51119,110995.0,0.00011,111006.0,4.84248,110994.0,2.60756,111007.0,1.81953,110993.0,1.83096,111008.0,1.682,110992.0,0.00011,111009.0,4.24663,110991.0,0.1151,111010.0,0.76873,110990.0,3.04851,111011.0,1.80493,110989.0,2.74667,111012.0,7.12531,110988.0,1.84057,111013.0,0.60002,110987.0,0.9422,111015.0,0.54974,110986.0,0.13523,111016.0,0.533,110985.0,0.16141,111017.0,0.92043,110984.0,0.00011,111018.0,6.80954,110983.0,2.66067,111019.0,13.04182,110982.0,2.91803,111020.0,0.08939,110981.0,3.03595,111021.0,2.06293
1756904158.6792727,1756904158112,1756904158112,111000.0,1.1758,111001.0,19.55322,110999.0,0.25255,111002.0,3.93928,110998.0,0.12002,111003.0,8.09559,110997.0,0.11164,111004.0,2.89837,110996.0,0.08688,111005.0,1.37609,110995.0,0.00011,111006.0,4.84248,110994.0,3.0396,111007.0,1.81953,110993.0,0.04515,111008.0,1.682,110992.0,0.69529,111009.0,4.24663,110991.0,1.46623,111010.0,0.76873,110990.0,3.04851,111011.0,1.86799,110989.0,2.74667,111012.0,4.9648,110988.0,1.83372,111013.0,0.60002,110987.0,0.91697,111015.0,0.86492,110986.0,0.13523,111016.0,3.36085,110985.0,0.16791,111017.0,1.18991,110984.0,0.00011,111018.0,6.80954,110983.0,1.74024,111019.0,13.04182,110982.0,2.91803,111020.0,0.08939,110981.0,3.03595,111021.0,2.06293
1756904159.214049,1756904158812,1756904158812,111000.0,1.08574,111001.0,19.62745,110999.0,0.14341,111002.0,4.5875,110998.0,0.21647,111003.0,8.90608,110997.0,0.00021,111004.0,2.76327,110996.0,0.00011,111005.0,1.37609,110995.0,0.00011,111006.0,4.84248,110994.0,3.0396,111007.0,1.81953,110993.0,1.39628,111008.0,1.682,110992.0,0.00011,111009.0,3.57124,110991.0,0.1151,111010.0,0.76873,110990.0,3.04851,111011.0,1.86799,110989.0,3.06192,111012.0,4.9648,110988.0,0.28579,111013.0,0.55882,110987.0,0.9422,111015.0,0.86492,110986.0,0.00011,111016.0,3.36085,110985.0,0.16791,111017.0,1.18991,110984.0,0.00011,111018.0,6.80954,110983.0,1.87536,111019.0,13.04182,110982.0,2.91803,111020.0,0.08939,110981.0,3.03595,111021.0,2.06293
1756904159.6995027,1756904159331,1756904159331,111000.0,0.18504,111001.0,17.66439,110999.0,1.09034,111002.0,4.27228,110998.0,0.0625,111003.0,8.77098,110997.0,0.01757,111004.0,2.76327,110996.0,0.00011,111005.0,1.37609,110995.0,0.18025,111006.0,4.91162,110994.0,2.60756,111007.0,0.01823,110993.0,0.04515,111008.0,1.682,110992.0,0.00011,111009.0,1.25808,110991.0,1.46622,111010.0,2.56999,110990.0,1.80166,111011.0,1.84769,110989.0,0.58476,111012.0,4.9648,110988.0,3.73472,111013.0,0.55882,110987.0,0.6718,111015.0,0.86492,110986.0,0.03046,111016.0,3.23474,110985.0,0.16791,111017.0,1.18991,110984.0,0.00011,111018.0,6.80954,110983.0,1.87536,111019.0,13.04182,110982.0,2.91803,111020.0,0.08939,110981.0,3.03595,111021.0,2.06293
1756904160.3067513,1756904159852,1756904159852,111000.0,0.29328,111001.0,18.06982,110999.0,0.11229,111002.0,4.63253,110998.0,0.00692,111003.0,11.47302,110997.0,0.00021,111004.0,0.13037,110996.0,1.37375,111005.0,1.37609,110995.0,0.00011,111006.0,3.40701,110994.0,0.00011,111007.0,1.81956,110993.0,0.44792,111008.0,1.63697,110992.0,0.4474,111009.0,3.59592,110991.0,0.00011,111010.0,0.76873,110990.0,0.71677,111011.0,1.91075,110989.0,4.63826,111012.0,4.9648,110988.0,1.03232,111013.0,0.55882,110987.0,0.94128,111015.0,0.86492,110986.0,0.00011,111016.0,3.36085,110985.0,0.16791,111017.0,1.18991,110984.0,1.82491,111018.0,6.80954,110983.0,4.44275,111019.0,13.04182,110982.0,3.05315,111020.0,0.08939,110981.0,0.33341,111021.0,2.06293
1756904160.8409889,1756904160419,1756904160419,111000.0,1.19398,111001.0,19.39148,110999.0,0.11229,111002.0,4.31731,110998.0,0.00692,111003.0,11.47302,110997.0,0.00021,111004.0,0.11417,110996.0,0.13521,111005.0,1.37609,110995.0,0.04515,111006.0,3.40701,110994.0,0.00011,111007.0,1.81956,110993.0,0.49296,111008.0,1.63697,110992.0,0.4474,111009.0,3.59592,110991.0,2.55732,111010.0,0.76873,110990.0,1.03202,111011.0,1.91075,110989.0,0.58475,111012.0,4.9648,110988.0,3.71852,111013.0,0.55882,110987.0,0.94128,111015.0,0.86492,110986.0,0.00011,111016.0,3.36085,110985.0,0.16791,111017.0,1.18991,110984.0,1.84111,111018.0,6.80954,110983.0,1.74024,111019.0,13.04182,110982.0,2.91803,111020.0,0.08939,110981.0,4.21801,111021.0,2.06293
1756904161.278589,1756904160960,1756904160960,111000.0,1.28405,111001.0,19.39148,110999.0,0.11229,111002.0,4.31731,110998.0,0.14202,111003.0,11.78827,110997.0,0.00021,111004.0,0.11417,110996.0,0.00011,111005.0,1.37609,110995.0,0.04515,111006.0,4.54891,110994.0,0.00011,111007.0,1.81956,110993.0,0.49296,111008.0,1.63697,110992.0,2.51524,111009.0,3.59592,110991.0,2.08747,111010.0,0.76873,110990.0,1.03202,111011.0,1.84769,110989.0,0.04429,111012.0,4.9648,110988.0,4.684,111013.0,0.55882,110987.0,0.94128,111015.0,0.86492,110986.0,0.00011,111016.0,3.23474,110985.0,0.16791,111017.0,1.18991,110984.0,1.84111,111018.0,6.80954,110983.0,1.74024,111019.0,13.04182,110982.0,5.05212,111020.0,0.08939,110981.0,4.21801,111021.0,2.06293
1756904161.924448,1756904161514,1756904161514,111000.0,1.19398,111001.0,19.24397,110999.0,0.11229,111002.0,4.45241,110998.0,0.00692,111003.0,11.78827,110997.0,0.00021,111004.0,0.11417,110996.0,0.32443,111005.0,1.37609,110995.0,0.18025,111006.0,4.54891,110994.0,0.00011,111007.0,1.81956,110993.0,0.49296,111008.0,1.63697,110992.0,2.33026,111009.0,3.59592,110991.0,3.84397,111010.0,0.76873,110990.0,3.01772,111011.0,1.84769,110989.0,0.04429,111012.0,4.9648,110988.0,2.24379,111013.0,0.55882,110987.0,0.6718,111015.0,0.86492,110986.0,0.00011,111016.0,3.23474,110985.0,0.16791,111017.0,1.18991,110984.0,0.0233,111018.0,6.80954,110983.0,1.74024,111019.0,13.04182,110982.0,5.05212,111020.0,0.08939,110981.0,3.03957,111021.0,2.06293
1756904162.5658286,1756904162025,1756904162025,111000.0,0.18504,111001.0,23.27057,110999.0,0.00831,111002.0,4.31731,110998.0,0.00021,111003.0,8.77098,110997.0,0.00021,111004.0,0.04504,110996.0,0.95493,111005.0,1.37609,110995.0,0.13522,111006.0,4.54891,110994.0,0.00011,111007.0,1.81956,110993.0,0.04515,111008.0,1.63697,110992.0,1.22541,111009.0,1.25808,110991.0,0.00011,111010.0,0.76873,110990.0,0.00011,111011.0,1.91075,110989.0,1.39546,111012.0,4.9648,110988.0,1.8017,111013.0,0.55882,110987.0,0.13132,111015.0,0.86492,110986.0,1.08107,111016.0,3.36085,110985.0,0.16791,111017.0,1.18991,110984.0,1.80171,111018.0,6.80954,110983.0,1.74024,111019.0,13.04182,110982.0,0.58213,111020.0,0.08939,110981.0,0.02173,111021.0,2.06293
1756904163.1056688,1756904162570,1756904162570,111000.0,0.18466,111001.0,23.07938,110999.0,0.14374,111002.0,4.38644,110998.0,0.94818,111003.0,8.77098,110997.0,0.04354,111004.0,1.84641,110996.0,0.90083,111005.0,1.38523,110995.0,0.00011,111006.0,4.54891,110994.0,0.18025,111007.0,0.01823,110993.0,0.00011,111008.0,1.63697,110992.0,0.04515,111009.0,3.96,110991.0,0.00011,111010.0,0.76873,110990.0,0.1151,111011.0,1.84769,110989.0,1.83544,111012.0,4.96383,110988.0,0.9891,111013.0,0.01846,110987.0,0.83228,111015.0,0.00939,110986.0,3.24305,111016.0,0.533,110985.0,0.16791,111017.0,1.18991,110984.0,1.80171,111018.0,6.80954,110983.0,1.91962,111019.0,13.04182,110982.0,0.58213,111020.0,0.08939,110981.0,0.02173,111021.0,2.06293
1756904164.1740065,1756904163284,1756904163284,111000.0,0.18466,111001.0,23.07057,110999.0,0.00831,111002.0,4.70166,110998.0,0.00021,111003.0,8.77098,110997.0,0.00021,111004.0,0.04504,110996.0,0.90082,111005.0,1.38523,110995.0,0.13522,111006.0,4.54891,110994.0,0.04515,111007.0,1.81956,110993.0,0.00011,111008.0,1.63697,110992.0,0.04515,111009.0,1.25808,110991.0,0.00011,111010.0,1.08393,110990.0,2.0169,111011.0,1.91075,110989.0,0.7995,111012.0,3.96687,110988.0,1.6956,111013.0,0.01846,110987.0,3.48722,111015.0,3.79193,110986.0,2.70257,111016.0,0.65911,110985.0,0.16791,111017.0,1.18991,110984.0,1.80171,111018.0,6.80954,110983.0,1.91962,111019.0,13.04182,110982.0,0.58213,111020.0,0.08939,110981.0,2.72431,111021.0,2.06293
1756904164.1755471,1756904163687,1756904163687,111000.0,0.18466,111001.0,23.07057,110999.0,0.00831,111002.0,4.70166,110998.0,0.00021,111003.0,8.77098,110997.0,0.00021,111004.0,0.04504,110996.0,0.00011,111005.0,1.38523,110995.0,0.00011,111006.0,3.40701,110994.0,0.04515,111007.0,1.81956,110993.0,0.00011,111008.0,1.63697,110992.0,0.00011,111009.0,3.50584,110991.0,0.00011,111010.0,1.6243,110990.0,0.00011,111011.0,1.91075,110989.0,1.83543,111012.0,5.04738,110988.0,0.44862,111013.0,0.01846,110987.0,1.48252,111015.0,3.25157,110986.0,0.00011,111016.0,0.65911,110985.0,0.16791,111017.0,1.18991,110984.0,1.80171,111018.0,6.80954,110983.0,1.65014,111019.0,13.04182,110982.0,0.58213,111020.0,0.08939,110981.0,0.02173,111021.0,2.06293
1756904164.5800645,1756904164188,1756904164188,111000.0,0.18466,111001.0,24.10234,110999.0,0.00831,111002.0,4.70166,110998.0,0.00021,111003.0,8.77098,110997.0,0.00021,111004.0,0.04504,110996.0,0.00011,111005.0,1.38523,110995.0,0.13522,111006.0,3.40701,110994.0,0.04515,111007.0,1.81956,110993.0,0.00011,111008.0,1.63697,110992.0,0.00011,111009.0,3.50584,110991.0,0.00011,111010.0,1.08393,110990.0,1.84277,111011.0,1.84769,110989.0,1.83544,111012.0,5.04738,110988.0,0.54059,111013.0,0.01846,110987.0,0.13132,111014.0,0.54037,110986.0,0.5406,111015.0,3.25157,110985.0,0.16791,111016.0,0.533,110984.0,4.50419,111017.0,1.18991,110983.0,0.61998,111018.0,6.80954,110982.0,0.85253,111019.0,13.04182,110981.0,0.02173,111020.0,0.08939
1756904165.2758965,1756904164750,1756904164750,111000.0,0.18466,111001.0,23.90234,110999.0,0.00831,111002.0,4.31731,110998.0,0.00021,111003.0,8.77098,110997.0,0.00021,111004.0,0.04504,110996.0,0.90082,111005.0,1.38523,110995.0,0.00011,111006.0,4.62266,110994.0,0.00011,111007.0,1.81956,110993.0,0.00011,111008.0,1.63697,110992.0,0.13522,111009.0,3.50584,110991.0,0.6952,111010.0,0.76873,110990.0,0.00011,111011.0,1.91075,110989.0,0.04429,111012.0,5.04738,110988.0,0.54059,111013.0,0.01846,110987.0,0.6718,111014.0,0.54037,110986.0,3.41059,111015.0,3.25157,110985.0,0.15838,111016.0,0.65911,110984.0,1.80171,111017.0,1.18991,110983.0,0.61998,111018.0,6.80954,110982.0,2.10573,111019.0,13.04182,110981.0,2.72431,111020.0,0.08939
1756904165.7188835,1756904165283,1756904165283,110987.0,0.31808,110988.0,0.80608,110986.0,1.24864,110989.0,0.80608,110985.0,2.86084,110990.0,0.80608,110984.0,1.80171,110991.0,0.68018,110983.0,0.61998,110992.0,0.68018,110982.0,2.10573,110993.0,0.43018,110981.0,0.02173,110995.0,1.90114,110980.0,0.093,110996.0,1.90111,110979.0,3.06241,110997.0,1.90108,110978.0,0.41407,110999.0,0.05352,110977.0,2.10997,111000.0,0.05352,110976.0,3.60077,111001.0,24.05252,110975.0,4.72933,111002.0,4.31731,110974.0,1.03051,111003.0,8.77098,110973.0,3.58333,111004.0,0.04504,110972.0,3.4061,111005.0,1.70044,110971.0,0.88142,111006.0,4.62266,110970.0,2.42781,111007.0,1.81956,110969.0,0.07373,111008.0,1.63697,110968.0,4.11726,111009.0,3.50584
1756904166.3035195,1756904165855,1756904165855,110987.0,6.14473,110988.0,1.05618,110986.0,4.18812,110994.0,0.00022,110985.0,0.03631,110995.0,4.01016,110984.0,0.15012,110996.0,1.25436,110983.0,0.61998,110997.0,1.25434,110982.0,1.65513,110998.0,2.41611,110981.0,0.01813,111000.0,0.05397,110980.0,1.01343,111001.0,4.77637,110979.0,3.19754,111002.0,1.12726,110978.0,0.41407,111003.0,8.15083,110977.0,2.10997,111005.0,1.70044,110976.0,3.60077,111006.0,4.57762,110975.0,4.6589,111007.0,0.01801,110974.0,0.99561,111008.0,1.63697,110973.0,2.23194,111009.0,3.50584,110972.0,2.86555,111010.0,0.76873,110971.0,0.88142,111011.0,0.97373,110970.0,2.42964,111012.0,5.04738,110969.0,0.07373,111013.0,0.01801,110968.0,4.11726,111014.0,0.63047
1756904166.6591392,1756904166327,1756904166327,110993.0,14.09896,110994.0,0.00022,110992.0,0.89728,110995.0,1.10871,110991.0,0.95017,110997.0,3.1865,110990.0,0.51015,110998.0,0.71015,110989.0,0.05289,111000.0,0.97979,110988.0,0.10578,111001.0,1.53131,110987.0,10.27253,111002.0,1.08222,110986.0,1.99106,111003.0,9.23778,110985.0,0.03631,111005.0,1.37591,110984.0,0.15012,111006.0,0.92043,110983.0,0.61998,111007.0,0.01801,110982.0,1.65513,111008.0,1.63697,110981.0,2.73687,111009.0,3.50584,110980.0,3.7696,111010.0,0.76873,110979.0,0.49492,111011.0,0.58684,110978.0,1.67388,111012.0,5.04738,110977.0,2.10997,111013.0,0.1531,110976.0,4.78915,111014.0,0.63047,110975.0,4.6589,111015.0,2.80128,110974.0,0.99561,111016.0,0.3339
1756904167.3018913,1756904166870,1756904166870,110993.0,9.20681,110994.0,0.00026,110992.0,2.42703,110995.0,1.10882,110991.0,0.04504,110996.0,1.46304,110989.0,0.56029,110997.0,2.71853,110988.0,5.33599,110998.0,0.64521,110987.0,3.73734,110999.0,0.00011,110986.0,1.2526,111000.0,1.51248,110985.0,0.03631,111001.0,1.53142,110984.0,0.29169,111002.0,5.71189,110983.0,0.61998,111003.0,9.42149,110982.0,5.5042,111004.0,0.04515,110981.0,2.73687,111005.0,1.37602,110980.0,1.01343,111006.0,0.92099,110979.0,0.49492,111007.0,3.98475,110978.0,1.53112,111008.0,1.95228,110977.0,2.10997,111009.0,3.50595,110976.0,4.78915,111010.0,1.51708,110975.0,4.6589,111011.0,0.65001,110974.0,0.99561,111012.0,5.04749,110973.0,2.23194,111013.0,0.01812
1756904167.786386,1756904167414,1756904167414,110993.0,7.65023,110994.0,2.91321,110992.0,0.40636,110995.0,1.10871,110991.0,0.04504,110997.0,1.00364,110989.0,0.56029,110998.0,1.18553,110988.0,3.63484,110999.0,0.43878,110987.0,1.1339,111000.0,1.66682,110986.0,3.95505,111001.0,1.86431,110985.0,0.03631,111002.0,5.71178,110984.0,0.36185,111003.0,9.23778,110983.0,0.61998,111004.0,0.00011,110982.0,5.5042,111005.0,1.37602,110981.0,0.03433,111006.0,0.92099,110980.0,1.01343,111007.0,3.98475,110979.0,3.19753,111008.0,1.63708,110978.0,1.53112,111009.0,3.50595,110977.0,2.10997,111010.0,1.51708,110976.0,4.78915,111011.0,0.65001,110975.0,4.6589,111012.0,5.04749,110974.0,0.99561,111013.0,0.01812,110973.0,2.23194,111014.0,0.63058
1756904168.402435,1756904167936,1756904167936,110993.0,8.49422,110994.0,1.3667,110992.0,0.2416,110995.0,2.63358,110991.0,0.04504,110996.0,2.70226,110989.0,1.91147,110997.0,0.0162,110988.0,1.55687,110998.0,0.6451,110987.0,3.83632,110999.0,1.46404,110986.0,1.2526,111000.0,0.74014,110985.0,0.03631,111001.0,1.90935,110984.0,0.39783,111002.0,5.71178,110983.0,0.61998,111003.0,9.4465,110982.0,5.5042,111004.0,0.00011,110981.0,0.03433,111005.0,1.37602,110980.0,1.08256,111006.0,1.2362,110979.0,3.19753,111007.0,2.68912,110978.0,1.53112,111008.0,2.98805,110977.0,2.10997,111009.0,3.50595,110976.0,4.78915,111010.0,1.44629,110975.0,4.6589,111011.0,0.65001,110974.0,0.99561,111012.0,5.04749,110973.0,3.58331,111013.0,0.01812
1756904169.5656981,1756904168733,1756904168733,110993.0,6.0806,110994.0,5.0611,110990.0,0.13511,110995.0,3.44424,110987.0,0.59414,110996.0,0.15313,110986.0,0.00011,110997.0,3.84438,110985.0,0.03631,110998.0,0.51,110984.0,0.39783,110999.0,1.88908,110983.0,5.48529,111000.0,0.74014,110982.0,0.13513,111001.0,3.2604,110981.0,0.03433,111002.0,5.71178,110980.0,3.58133,111003.0,6.74443,110979.0,0.26969,111004.0,0.00011,110978.0,1.53112,111005.0,1.37602,110977.0,1.18954,111006.0,0.92099,110976.0,2.58416,111007.0,5.9315,110975.0,4.34361,111008.0,1.68408,110974.0,3.69836,111009.0,3.50595,110973.0,2.23194,111010.0,1.58138,110972.0,3.40611,111011.0,0.58695,110971.0,0.34086,111012.0,5.07272,110970.0,2.84656,111013.0,0.55849
1756904169.5697045,1756904169062,1756904169062,110993.0,4.72157,110994.0,5.61862,110992.0,0.00011,110995.0,3.66713,110990.0,0.00371,110996.0,0.01802,110988.0,1.35839,110997.0,1.23219,110987.0,2.7562,110998.0,0.95737,110986.0,0.00011,110999.0,1.4503,110985.0,2.99064,111000.0,0.6951,110984.0,0.66731,111001.0,3.7792,110983.0,0.6209,111002.0,3.47104,110982.0,0.00011,111003.0,6.6753,110981.0,0.03433,111004.0,0.00011,110980.0,0.013,111005.0,2.72703,110979.0,1.19012,111006.0,5.45288,110978.0,4.23377,111007.0,0.01812,110977.0,1.18954,111008.0,0.33311,110976.0,2.58496,111009.0,3.50595,110975.0,4.34361,111010.0,0.55989,110974.0,0.99561,111011.0,3.28883,110973.0,2.23194,111012.0,3.25551,110972.0,3.40611,111013.0,1.36833
1756904169.8978422,1756904169573,1756904169573,110993.0,4.60377,110994.0,5.79263,110992.0,0.00011,110995.0,1.52487,110991.0,0.04504,110996.0,0.06306,110990.0,0.00011,110997.0,1.21599,110989.0,0.18015,110998.0,1.29037,110988.0,1.3548,110999.0,1.4503,110987.0,0.05377,111000.0,0.6951,110986.0,3.68714,111001.0,3.82424,110985.0,3.18781,111002.0,3.47104,110984.0,0.66731,111003.0,6.74628,110983.0,0.6209,111004.0,0.00011,110982.0,1.11711,111005.0,2.72703,110981.0,0.46338,111006.0,0.92099,110980.0,1.20134,111007.0,0.01812,110979.0,3.61783,111008.0,0.33311,110978.0,3.11672,111009.0,3.50595,110977.0,1.18954,111010.0,0.55989,110976.0,1.39658,111011.0,3.35189,110975.0,4.34361,111012.0,4.73889,110974.0,0.99561,111013.0,1.36833
1756904170.5042353,1756904170088,1756904170088,110993.0,4.94969,110994.0,1.50524,110992.0,0.00011,110995.0,1.52487,110991.0,0.21422,110997.0,4.21971,110990.0,2.70247,110998.0,0.443,110989.0,1.39634,110999.0,3.25282,110988.0,3.7357,111000.0,5.60141,110987.0,0.79932,111001.0,1.07709,110986.0,0.4442,111002.0,1.66965,110985.0,2.64733,111003.0,7.0615,110984.0,0.66731,111004.0,2.70218,110983.0,0.6209,111005.0,1.37602,110982.0,3.81967,111006.0,0.92099,110981.0,0.46338,111007.0,0.01812,110980.0,2.57995,111008.0,3.00396,110979.0,1.21535,111009.0,4.85691,110978.0,0.41407,111010.0,0.55989,110977.0,1.18954,111011.0,0.65001,110976.0,1.39578,111012.0,4.6038,110975.0,4.34361,111013.0,1.36833,110974.0,0.99344,111014.0,0.09021
1756904170.9561257,1756904170632,1756904170632,110993.0,4.54239,110994.0,1.36469,110992.0,0.00011,110995.0,0.90075,110991.0,2.79142,110996.0,2.70222,110990.0,0.00011,110997.0,0.54044,110989.0,1.93678,110998.0,0.4681,110988.0,5.83709,110999.0,3.00337,110987.0,0.59425,111000.0,5.36801,110986.0,0.51333,111001.0,1.09329,110985.0,2.64733,111002.0,1.71469,110984.0,0.66731,111003.0,6.58075,110983.0,0.6209,111004.0,2.70218,110982.0,3.81967,111005.0,3.17736,110981.0,2.66395,111006.0,0.92099,110980.0,2.57995,111007.0,0.40245,110979.0,1.21535,111008.0,3.00396,110978.0,0.41407,111009.0,4.85691,110977.0,1.18954,111010.0,0.55989,110976.0,1.93632,111011.0,0.65001,110975.0,5.69497,111012.0,4.6038,110974.0,0.99344,111013.0,0.82797
1756904171.540291,1756904171169,1756904171169,110993.0,4.54215,110994.0,4.96774,110992.0,0.00011,110995.0,2.39489,110991.0,1.88181,110996.0,2.70227,110990.0,0.00011,110997.0,0.54044,110989.0,0.04515,110998.0,1.48916,110988.0,4.48588,110999.0,2.46294,110987.0,1.13473,111000.0,4.92589,110986.0,3.26082,111001.0,1.13833,110985.0,2.64733,111002.0,1.71469,110984.0,0.66731,111003.0,6.58075,110983.0,0.6209,111004.0,2.70218,110982.0,1.11711,111005.0,3.2224,110981.0,2.66395,111006.0,0.92099,110980.0,5.28255,111007.0,0.40245,110979.0,1.21535,111008.0,3.00396,110978.0,0.41407,111009.0,4.85691,110977.0,1.18954,111010.0,0.55989,110976.0,1.39578,111011.0,0.65001,110975.0,5.69497,111012.0,5.25344,110974.0,0.99344,111013.0,0.82797
1756904172.050898,1756904171701,1756904171701,110993.0,5.41559,110994.0,2.27226,110992.0,0.00011,110995.0,2.36697,110991.0,0.16014,110996.0,2.70226,110990.0,0.00011,110997.0,0.54044,110989.0,1.0056,110998.0,0.94873,110988.0,6.2129,110999.0,3.00337,110987.0,0.59425,111000.0,4.92589,110986.0,0.55838,111001.0,1.09329,110985.0,2.64733,111002.0,1.66965,110984.0,0.66731,111003.0,6.58075,110983.0,0.6209,111004.0,2.79226,110982.0,1.11711,111005.0,3.08728,110981.0,2.66395,111006.0,0.92099,110980.0,5.28255,111007.0,0.40245,110979.0,1.19012,111008.0,3.00396,110978.0,0.41407,111009.0,4.85691,110977.0,1.18954,111010.0,0.55989,110976.0,1.39578,111011.0,0.58695,110975.0,5.69497,111012.0,5.25344,110974.0,0.99344,111013.0,0.82797
1756904172.556448,1756904172241,1756904172241,110993.0,6.0165,110994.0,0.01156,110992.0,1.35126,110995.0,2.25188,110991.0,0.16014,110997.0,3.24264,110990.0,4.59195,110998.0,0.81363,110989.0,0.04515,110999.0,1.10867,110988.0,2.1593,111000.0,5.60141,110987.0,1.03098,111001.0,0.89329,110986.0,0.82299,111002.0,1.71469,110985.0,1.92588,111003.0,5.86032,110984.0,0.66731,111004.0,0.13523,110983.0,3.32342,111005.0,1.28594,110982.0,3.31129,111006.0,0.96603,110981.0,2.66395,111007.0,0.08725,110980.0,2.57995,111008.0,4.80525,110979.0,1.21535,111009.0,3.50595,110978.0,0.41407,111010.0,0.55989,110977.0,1.18954,111011.0,0.55993,110976.0,3.67124,111012.0,5.25344,110975.0,6.23551,111013.0,1.36903,110974.0,0.99344,111014.0,0.54047
1756904173.212236,1756904172846,1756904172846,110993.0,4.8526,110994.0,0.1539,110992.0,0.00011,110995.0,2.25189,110991.0,1.87883,110996.0,2.70223,110990.0,0.00011,110997.0,0.54044,110989.0,4.63919,110998.0,0.48063,110988.0,3.55619,110999.0,1.24377,110987.0,1.74222,111000.0,5.91307,110986.0,0.82299,111001.0,0.89329,110985.0,2.24115,111002.0,1.66965,110984.0,0.66731,111003.0,8.56237,110983.0,0.6209,111004.0,0.13523,110982.0,3.31129,111005.0,1.28594,110981.0,5.36653,111006.0,0.96603,110980.0,2.57995,111007.0,0.76264,110979.0,1.19012,111008.0,4.80525,110978.0,0.41407,111009.0,3.50595,110977.0,1.18954,111010.0,0.55989,110976.0,8.60575,111011.0,0.55993,110975.0,3.38389,111012.0,5.25344,110974.0,0.99344,111013.0,1.36903
1756904173.9921615,1756904173416,1756904173416,110993.0,6.19641,110994.0,0.02037,110992.0,0.00011,110995.0,1.35113,110991.0,0.22927,110996.0,0.90074,110990.0,1.04098,110997.0,0.54044,110989.0,4.0987,110998.0,0.48063,110988.0,3.82567,110999.0,1.24377,110987.0,1.30549,111000.0,1.14186,110986.0,0.07039,111001.0,1.43371,110985.0,2.24115,111002.0,0.63423,110984.0,0.66731,111003.0,8.60741,110983.0,0.6209,111004.0,0.13523,110982.0,6.97455,111005.0,1.28594,110981.0,3.16596,111006.0,0.0456,110980.0,2.57995,111007.0,0.69351,110979.0,1.19012,111008.0,4.80525,110978.0,0.41407,111009.0,3.50595,110977.0,1.18954,111010.0,0.55989,110976.0,8.60575,111011.0,0.49687,110975.0,3.38389,111012.0,5.25344,110974.0,0.99344,111013.0,1.36903
1756904174.4463613,1756904173978,1756904173978,110993.0,5.52171,110994.0,0.79623,110992.0,0.00011,110995.0,5.89265,110991.0,2.15746,110996.0,0.54044,110990.0,0.01631,110997.0,2.70221,110989.0,0.00011,110998.0,0.54043,110988.0,1.25757,110999.0,0.11499,110987.0,0.86471,111000.0,0.92043,110986.0,0.58565,111003.0,6.78075,110985.0,1.27109,111004.0,1.80147,110984.0,0.24782,111005.0,0.00011,110983.0,1.70176,111006.0,1.3511,110982.0,6.36593,111007.0,1.05563,110981.0,2.26554,111008.0,0.5405,110980.0,3.33611,111009.0,0.03609,110979.0,0.09639,111010.0,0.5505,110978.0,0.47715,111011.0,0.31235,110977.0,2.70277,111012.0,1.82115,110976.0,0.09787,111013.0,2.71995,110975.0,2.82585,111014.0,1.14994,110974.0,2.77576,111015.0,0.0095
1756904174.910826,1756904174527,1756904174527,110993.0,4.38479,110994.0,11.62368,110992.0,0.00011,110995.0,0.92957,110991.0,0.13882,110996.0,1.21913,110990.0,0.00371,110997.0,0.42753,110989.0,0.00011,110998.0,1.91681,110988.0,0.00011,110999.0,1.12338,110987.0,0.01813,111000.0,0.92065,110986.0,2.85807,111001.0,3.63313,110985.0,3.24308,111002.0,4.3293,110984.0,0.68389,111003.0,6.78075,110983.0,2.8685,111004.0,1.89155,110982.0,2.01565,111005.0,0.00925,110981.0,0.13312,111006.0,2.60458,110980.0,2.71092,111007.0,0.93855,110979.0,0.09639,111008.0,0.12111,110978.0,1.26915,111009.0,0.09915,110977.0,0.30563,111010.0,0.68559,110976.0,6.79998,111011.0,0.98597,110975.0,0.16818,111012.0,2.95532,110974.0,0.07301,111013.0,3.26034
1756904175.4976652,1756904175031,1756904175031,110993.0,4.81442,110994.0,6.47648,110992.0,0.07019,110995.0,0.92957,110991.0,0.10535,110996.0,2.2042,110990.0,0.04515,110997.0,0.96797,110989.0,0.00011,110998.0,1.24126,110988.0,0.13522,110999.0,1.16842,110987.0,3.1648,111000.0,1.23587,110986.0,1.89183,111001.0,3.63313,110985.0,2.70259,111002.0,4.3293,110984.0,0.68389,111003.0,6.99605,110983.0,2.8685,111004.0,1.89155,110982.0,0.26959,111005.0,0.00925,110981.0,1.44775,111006.0,2.60458,110980.0,0.00831,111007.0,0.93855,110979.0,0.09639,111008.0,0.12111,110978.0,1.26915,111009.0,0.09915,110977.0,3.00827,111010.0,0.69473,110976.0,4.62217,111011.0,0.9428,110975.0,0.16818,111012.0,3.64964,110974.0,0.07301,111013.0,3.26034
1756904175.9044337,1756904175548,1756904175548,110993.0,4.26833,110994.0,7.50309,110992.0,0.07019,110995.0,1.67115,110991.0,0.24046,110996.0,0.43239,110990.0,0.04515,110997.0,1.67032,110989.0,0.00011,110998.0,1.24126,110988.0,0.36041,110999.0,1.16842,110987.0,3.30249,111000.0,1.23587,110986.0,1.08109,111001.0,4.07777,110985.0,2.70259,111002.0,4.3293,110984.0,0.68389,111003.0,6.99605,110983.0,2.8685,111004.0,1.89155,110982.0,0.26959,111005.0,0.00925,110981.0,1.44775,111006.0,3.50337,110980.0,0.08831,111007.0,3.22908,110979.0,0.53796,111008.0,0.12111,110978.0,1.58443,111009.0,0.09915,110977.0,3.0335,111010.0,0.69473,110976.0,4.62217,111011.0,0.9428,110975.0,0.16818,111012.0,3.62441,110974.0,0.07301,111013.0,3.26034
1756904176.4843197,1756904176088,1756904176088,110993.0,4.25952,110994.0,6.53774,110992.0,0.07019,110995.0,2.16457,110991.0,0.24046,110996.0,0.43239,110990.0,0.04515,110997.0,0.96797,110989.0,0.31536,110998.0,1.24126,110988.0,0.11432,110999.0,1.16842,110987.0,1.36934,111000.0,6.93242,110986.0,1.08109,111001.0,0.48967,110985.0,2.70259,111002.0,4.3293,110984.0,0.77343,111003.0,6.99605,110983.0,2.8685,111004.0,1.89155,110982.0,0.26959,111005.0,0.00925,110981.0,1.44775,111006.0,5.20648,110980.0,0.08831,111007.0,3.22908,110979.0,0.53796,111008.0,0.12111,110978.0,1.58443,111009.0,0.09915,110977.0,3.0335,111010.0,0.69473,110976.0,4.62217,111011.0,0.9428,110975.0,0.16818,111012.0,7.15483,110974.0,0.07301,111013.0,3.26034
1756904176.9810333,1756904176650,1756904176650,110993.0,4.25926,110994.0,6.01062,110992.0,0.07019,110995.0,2.18245,110991.0,0.24046,110997.0,1.01301,110990.0,0.3604,110998.0,1.24126,110989.0,0.00011,110999.0,1.16842,110988.0,3.0893,111000.0,6.93242,110987.0,1.36934,111001.0,0.53471,110986.0,1.08109,111002.0,4.3293,110985.0,2.70259,111003.0,7.58525,110984.0,0.77343,111004.0,1.89155,110983.0,2.8685,111005.0,0.00925,110982.0,0.26959,111006.0,5.20648,110981.0,1.44775,111007.0,3.22908,110980.0,0.08831,111008.0,0.12111,110979.0,0.53796,111009.0,0.09915,110978.0,1.58443,111010.0,0.69473,110977.0,3.0335,111011.0,0.9428,110976.0,4.62217,111012.0,7.18006,110975.0,0.16818,111013.0,3.26034,110974.0,0.07301,111014.0,0.12622
1756904177.824966,1756904177258,1756904177258,110993.0,3.1795,110994.0,4.50571,110992.0,0.00011,110995.0,2.13741,110991.0,0.00011,110996.0,6.39854,110990.0,0.00011,110997.0,1.55345,110989.0,2.02689,110998.0,0.70082,110988.0,0.11432,110999.0,0.37804,110987.0,1.36934,111000.0,5.69677,110986.0,0.5406,111001.0,0.48967,110985.0,0.00011,111002.0,1.62715,110984.0,0.5173,111003.0,9.3669,110983.0,2.8685,111004.0,1.89155,110982.0,2.70268,111005.0,0.00925,110981.0,0.13312,111006.0,0.40273,110980.0,0.08831,111007.0,3.22908,110979.0,2.28592,111008.0,0.12111,110978.0,2.50486,111009.0,0.09915,110977.0,2.7631,111010.0,2.04568,110976.0,0.09817,111011.0,0.13295,110975.0,0.16818,111012.0,6.86487,110974.0,0.07301,111013.0,3.26034
1756904178.1782012,1756904177788,1756904177788,110993.0,1.87029,110994.0,2.24286,110992.0,0.24285,110995.0,2.74531,110991.0,0.07551,110996.0,0.46811,110990.0,0.43035,110997.0,0.54044,110989.0,1.89178,110998.0,2.70219,110988.0,0.11432,110999.0,0.87343,110987.0,3.26106,111000.0,0.00022,110986.0,0.00011,111001.0,1.03009,110985.0,2.31332,111002.0,5.91952,110984.0,0.95192,111003.0,9.3669,110983.0,3.30316,111004.0,0.09019,110982.0,2.70268,111005.0,0.12424,110981.0,0.13312,111006.0,1.07812,110980.0,0.08831,111007.0,0.93855,110979.0,0.98166,111008.0,0.12111,110978.0,2.50486,111009.0,1.90046,110977.0,0.06046,111010.0,2.04568,110976.0,0.11787,111011.0,0.13295,110975.0,0.16818,111012.0,6.86487,110974.0,0.07301,111013.0,3.26034
1756904179.535297,1756904178347,1756904178347,110993.0,2.00025,110994.0,0.47304,110992.0,0.28789,110995.0,0.4754,110991.0,1.42668,110996.0,3.72989,110990.0,3.40298,110997.0,0.67555,110989.0,0.00011,110998.0,3.13436,110988.0,0.11432,110999.0,0.70263,110987.0,0.01813,111000.0,0.54064,110986.0,0.54059,111001.0,1.36309,110985.0,2.31332,111002.0,5.58652,110984.0,0.95192,111003.0,9.3669,110983.0,2.8685,111004.0,0.09019,110982.0,2.70268,111005.0,0.12424,110981.0,0.13312,111006.0,1.07812,110980.0,1.16193,111007.0,0.93855,110979.0,0.98166,111008.0,3.86603,110978.0,2.50486,111009.0,1.90046,110977.0,0.06046,111010.0,2.04568,110976.0,0.11787,111011.0,0.13295,110975.0,0.16818,111012.0,6.83964,110974.0,4.5625,111013.0,3.26034
1756904179.5363438,1756904178943,1756904178943,110993.0,5.16954,110994.0,2.40422,110992.0,1.92326,110995.0,0.90075,110991.0,0.07551,110997.0,2.70227,110990.0,0.16014,110998.0,1.08086,110989.0,0.01631,111000.0,0.1351,110988.0,0.11432,111001.0,0.44464,110987.0,6.33564,111003.0,7.90906,110986.0,0.54059,111004.0,1.02682,110985.0,2.31332,111005.0,4.61847,110984.0,2.48426,111006.0,0.08548,110983.0,0.3505,111007.0,0.93855,110982.0,2.70263,111008.0,1.62857,110981.0,1.40459,111009.0,1.4501,110980.0,2.57473,111010.0,0.56239,110979.0,1.07784,111011.0,0.04287,110978.0,0.92054,111012.0,6.83964,110977.0,0.03523,111013.0,0.01812,110976.0,2.41724,111014.0,0.2613,110975.0,2.06008,111015.0,3.63071,110974.0,3.01,111016.0,0.54045
1756904180.0050886,1756904179549,1756904179549,110993.0,2.8794,110994.0,5.02024,110992.0,2.13278,110996.0,0.01802,110991.0,0.00327,110997.0,0.2501,110990.0,1.16733,110998.0,1.08086,110989.0,0.01631,111000.0,3.14591,110988.0,3.44477,111001.0,1.57344,110987.0,3.72338,111002.0,4.50274,110986.0,0.74758,111003.0,8.18804,110985.0,0.00011,111004.0,1.70221,110984.0,6.59067,111005.0,3.19679,110983.0,0.3505,111006.0,0.33152,110982.0,0.00011,111007.0,0.93855,110981.0,2.32502,111008.0,0.12111,110980.0,1.51064,111009.0,1.38704,110979.0,3.78047,111010.0,0.56239,110978.0,0.92054,111011.0,2.3443,110977.0,0.03523,111012.0,7.44923,110976.0,2.41604,111013.0,0.01812,110975.0,0.16818,111014.0,0.15382,110974.0,3.01,111015.0,3.61208
1756904180.5164719,1756904180092,1756904180092,110993.0,4.66246,110994.0,2.16783,110992.0,0.46803,110996.0,2.17177,110991.0,0.13838,110997.0,2.95239,110990.0,0.04515,110998.0,1.08086,110989.0,0.01631,111000.0,3.14591,110988.0,4.70783,111001.0,1.57344,110987.0,2.37216,111002.0,4.4577,110986.0,0.04516,111003.0,8.18804,110985.0,0.00011,111004.0,1.70221,110984.0,3.88816,111005.0,3.19679,110983.0,0.3505,111006.0,1.68538,110982.0,4.58946,111007.0,0.93855,110981.0,2.32502,111008.0,0.12111,110980.0,1.51064,111009.0,1.38704,110979.0,3.78047,111010.0,0.56239,110978.0,0.92054,111011.0,2.3443,110977.0,0.03523,111012.0,7.51229,110976.0,2.40274,111013.0,0.01812,110975.0,0.16818,111014.0,0.15382,110974.0,3.01,111015.0,3.61208
1756904180.9985778,1756904180619,1756904180619,110993.0,2.85558,110994.0,5.01129,110992.0,0.46803,110996.0,2.15375,110991.0,0.15682,110997.0,0.79054,110990.0,0.04515,110998.0,0.54043,110989.0,0.01631,111000.0,3.14591,110988.0,6.40053,111001.0,1.57344,110987.0,2.81342,111002.0,4.50274,110986.0,1.18659,111003.0,8.18804,110985.0,2.70257,111004.0,2.01743,110984.0,3.88816,111005.0,3.20593,110983.0,0.3505,111006.0,1.93105,110982.0,4.58946,111007.0,0.93855,110981.0,2.32502,111008.0,0.12111,110980.0,1.51064,111009.0,1.38704,110979.0,3.78047,111010.0,0.56239,110978.0,0.92054,111011.0,2.3443,110977.0,0.03523,111012.0,7.51229,110976.0,2.40274,111013.0,0.01812,110975.0,0.16818,111014.0,0.15382,110974.0,3.01,111015.0,3.61208
1756904181.532415,1756904181165,1756904181165,110993.0,4.91251,110994.0,4.87782,110992.0,0.46803,110997.0,0.2501,110991.0,0.02171,110999.0,1.08088,110990.0,0.47245,111000.0,0.04504,110989.0,0.55679,111001.0,0.87856,110988.0,1.93623,111002.0,4.50274,110987.0,2.43804,111003.0,10.89012,110986.0,0.04516,111004.0,1.70221,110985.0,3.78353,111005.0,3.20593,110984.0,3.88816,111006.0,1.93105,110983.0,0.3505,111007.0,0.93855,110982.0,4.58946,111008.0,0.12111,110981.0,2.32502,111009.0,1.38704,110980.0,1.51064,111010.0,0.56239,110979.0,3.78047,111011.0,2.3443,110978.0,0.94577,111012.0,7.44923,110977.0,0.03523,111013.0,0.01812,110976.0,2.40274,111014.0,0.15382,110975.0,0.16818,111015.0,3.61208,110974.0,3.01,111016.0,0.47708
1756904182.0744643,1756904181705,1756904181705,110994.0,9.58694,110995.0,0.08913,110993.0,7.29831,110998.0,4.22898,110992.0,2.26958,110999.0,0.90073,110991.0,4.99908,111000.0,3.37769,110990.0,0.47245,111001.0,0.87856,110989.0,0.01631,111002.0,1.26155,110988.0,7.6489,111003.0,8.143,110987.0,1.99676,111004.0,0.10639,110986.0,0.04516,111005.0,1.7198,110985.0,0.00011,111006.0,2.71831,110984.0,4.87724,111007.0,0.01812,110983.0,0.3505,111008.0,1.92241,110982.0,4.58946,111009.0,0.03609,110981.0,2.32502,111010.0,0.56239,110980.0,1.51064,111011.0,0.04287,110979.0,1.07784,111012.0,7.51229,110978.0,0.94577,111013.0,1.36905,110977.0,0.03523,111014.0,0.01874,110976.0,2.40274,111015.0,2.80133,110975.0,0.16818,111016.0,0.00011
1756904182.8423421,1756904182322,1756904182322,111002.0,8.51893,111003.0,5.86032,111001.0,5.05202,111004.0,0.00011,111000.0,14.25182,111005.0,0.00011,110999.0,9.41125,111006.0,0.00011,110998.0,4.76475,111007.0,0.00011,110997.0,3.68567,111008.0,0.00011,110996.0,2.61733,111009.0,0.00011,110995.0,2.83254,111010.0,0.10011,110994.0,37.60989,111011.0,0.00011,110993.0,8.29836,111012.0,0.00011,110992.0,0.60345,111013.0,0.00011,110991.0,0.47148,111014.0,0.00011,110990.0,1.3308,111015.0,0.00011,110989.0,0.92054,111016.0,0.13519,110988.0,5.15493,111017.0,0.00011,110987.0,1.16631,111018.0,0.00011,110986.0,0.00687,111019.0,0.01812,110985.0,0.95388,111020.0,0.00228,110984.0,0.43779,111021.0,0.45048,110983.0,0.00011,111022.0,0.94058
1756904183.3661196,1756904182829,1756904182829,111002.0,37.78416,111003.0,5.86043,111001.0,3.60877,111004.0,0.00011,111000.0,23.32544,111005.0,0.00011,110999.0,3.12383,111006.0,0.00011,110998.0,3.44936,111007.0,0.00011,110997.0,3.43912,111008.0,0.00011,110996.0,1.76626,111009.0,0.00011,110995.0,1.91877,111010.0,0.00011,110994.0,7.00565,111011.0,0.00011,110993.0,4.39968,111012.0,0.00011,110992.0,0.45078,111013.0,0.00011,110991.0,0.44625,111014.0,0.00011,110990.0,1.73625,111015.0,0.00011,110989.0,4.36183,111016.0,0.00011,110988.0,1.82986,111017.0,0.00011,110987.0,2.35542,111018.0,0.13794,110986.0,0.06994,111019.0,0.5426,110985.0,0.95388,111020.0,0.70726,110984.0,0.40398,111021.0,0.54043,110983.0,0.00011,111022.0,0.40026
1756904184.2323537,1756904183495,1756904183495,111002.0,32.35283,111003.0,4.96907,111001.0,16.13192,111004.0,0.00011,111000.0,3.70854,111005.0,0.00011,110999.0,0.01801,111006.0,0.00011,110998.0,0.63572,111007.0,0.00011,110997.0,1.68083,111008.0,0.00011,110996.0,0.04504,111009.0,0.00011,110995.0,0.16159,111010.0,0.00011,110994.0,3.71121,111011.0,0.00011,110993.0,2.34615,111012.0,0.00011,110992.0,0.45078,111013.0,0.00011,110991.0,0.00011,111014.0,0.00011,110990.0,0.93529,111015.0,0.00011,110989.0,4.36183,111016.0,0.00011,110988.0,2.01552,111017.0,0.00011,110987.0,1.24806,111018.0,0.13794,110986.0,2.322,111019.0,0.10819,110985.0,0.96296,111020.0,0.00011,110984.0,0.49191,111021.0,1.14542,110983.0,0.00228,111022.0,3.1919
1756904184.418843,1756904183934,1756904183934,111002.0,30.94131,111003.0,0.7068,111001.0,5.75834,111004.0,0.00011,111000.0,3.68331,111005.0,0.00011,110999.0,0.01801,111006.0,0.00011,110998.0,0.63572,111007.0,0.00011,110997.0,4.38302,111008.0,0.00011,110996.0,0.04504,111009.0,0.00011,110995.0,0.00908,111010.0,0.00011,110994.0,3.70221,111011.0,0.00011,110993.0,2.34255,111012.0,0.00011,110992.0,0.45078,111013.0,0.00011,110991.0,0.00011,111014.0,0.00011,110990.0,1.33529,111015.0,0.00011,110989.0,4.36183,111016.0,0.00011,110988.0,2.01552,111017.0,0.00011,110987.0,1.24806,111018.0,0.13794,110986.0,2.25893,111019.0,0.10819,110985.0,0.96296,111020.0,0.00011,110984.0,0.49191,111021.0,4.57363,110983.0,0.00228,111022.0,1.3008
1756904184.9463918,1756904184469,1756904184469,111002.0,26.20193,111003.0,0.24097,111001.0,4.25106,111004.0,0.00011,111000.0,3.72835,111005.0,0.00011,110999.0,2.72013,111006.0,0.00011,110998.0,0.09529,111007.0,0.00011,110997.0,1.68083,111008.0,0.00011,110996.0,0.04526,111009.0,0.00011,110995.0,0.00908,111010.0,0.00011,110994.0,6.031,111011.0,0.00011,110993.0,2.34255,111012.0,0.00011,110992.0,0.45078,111013.0,0.00011,110991.0,3.24289,111014.0,0.00011,110990.0,1.33529,111015.0,0.00011,110989.0,2.10985,111016.0,0.54046,110988.0,2.65463,111017.0,4.95328,110987.0,1.31113,111018.0,0.67828,110986.0,0.00687,111019.0,0.15322,110985.0,0.92962,111020.0,2.28634,110984.0,0.49191,111021.0,0.706,110983.0,2.34447,111022.0,0.40026
1756904185.5659752,1756904185058,1756904185058,111002.0,28.84736,111003.0,0.22955,111001.0,6.21801,111004.0,0.00011,111000.0,3.72835,111005.0,0.00011,110999.0,0.01801,111006.0,0.00011,110998.0,0.48995,111007.0,0.00011,110997.0,1.68083,111008.0,0.00011,110996.0,0.04526,111009.0,0.00011,110995.0,0.00908,111010.0,0.00011,110994.0,6.031,111011.0,0.00011,110993.0,2.34255,111012.0,0.1352,110992.0,0.45078,111013.0,0.08805,110991.0,3.24289,111014.0,1.35102,110990.0,0.85529,111015.0,0.90071,110989.0,2.10985,111016.0,0.00011,110988.0,2.15041,111017.0,3.68306,110987.0,1.35173,111018.0,0.00286,110986.0,0.00687,111019.0,2.09617,110985.0,0.92962,111020.0,0.98173,110984.0,0.49191,111021.0,0.706,110983.0,2.34447,111022.0,0.40026
1756904186.004173,1756904185524,1756904185524,111002.0,30.1984,111003.0,0.22955,111001.0,6.21801,111004.0,0.00011,111000.0,3.72835,111005.0,0.00011,110999.0,0.01801,111006.0,0.00011,110998.0,1.03038,111007.0,0.00011,110997.0,1.68083,111008.0,0.00011,110996.0,0.04526,111009.0,0.00011,110995.0,0.00908,111010.0,0.00011,110994.0,3.4448,111011.0,0.00011,110993.0,2.34255,111012.0,0.1352,110992.0,0.45078,111013.0,0.08805,110991.0,2.70243,111014.0,0.00011,110990.0,0.85529,111015.0,0.00011,110989.0,2.10985,111016.0,0.00011,110988.0,2.15041,111017.0,0.44098,110987.0,1.28866,111018.0,0.00011,110986.0,0.00687,111019.0,0.15322,110985.0,3.18171,111020.0,0.4414,110984.0,0.49191,111021.0,0.706,110983.0,2.34447,111022.0,1.3008
