timestamp,sequence,exchange_timestamp,bid_price_0,bid_size_0,ask_price_0,ask_size_0,bid_price_1,bid_size_1,ask_price_1,ask_size_1,bid_price_2,bid_size_2,ask_price_2,ask_size_2,bid_price_3,bid_size_3,ask_price_3,ask_size_3,bid_price_4,bid_size_4,ask_price_4,ask_size_4,bid_price_5,bid_size_5,ask_price_5,ask_size_5,bid_price_6,bid_size_6,ask_price_6,ask_size_6,bid_price_7,bid_size_7,ask_price_7,ask_size_7,bid_price_8,bid_size_8,ask_price_8,ask_size_8,bid_price_9,bid_size_9,ask_price_9,ask_size_9,bid_price_10,bid_size_10,ask_price_10,ask_size_10,bid_price_11,bid_size_11,ask_price_11,ask_size_11,bid_price_12,bid_size_12,ask_price_12,ask_size_12,bid_price_13,bid_size_13,ask_price_13,ask_size_13,bid_price_14,bid_size_14,ask_price_14,ask_size_14,bid_price_15,bid_size_15,ask_price_15,ask_size_15,bid_price_16,bid_size_16,ask_price_16,ask_size_16,bid_price_17,bid_size_17,ask_price_17,ask_size_17,bid_price_18,bid_size_18,ask_price_18,ask_size_18,bid_price_19,bid_size_19,ask_price_19,ask_size_19
1756904112.7963579,1756904112212,1756904112212,4344.1,71.9162,4344.2,6.7249,4344.0,2.0327,4344.3,30.7524,4343.9,4.9711,4344.4,39.0285,4343.8,15.594,4344.5,0.8608,4343.7,66.0378,4344.6,135.0114,4343.6,41.7179,4344.7,115.8511,4343.5,107.0216,4344.8,165.3362,4343.4,124.3502,4344.9,66.8605,4343.3,108.6517,4345.0,81.1275,4343.2,215.3115,4345.1,219.1904,4343.1,445.3892,4345.2,55.1348,4343.0,306.1394,4345.3,88.9355,4342.9,236.5506,4345.4,104.6704,4342.8,120.1189,4345.5,160.7359,4342.7,105.7984,4345.6,289.7481,4342.6,86.2716,4345.7,242.7874,4342.5,51.677,4345.8,322.6078,4342.4,228.4596,4345.9,142.8686,4342.3,199.8526,4346.0,342.9071,4342.2,107.3882,4346.1,40.8401
1756904113.19153,1756904112569,1756904112569,4344.1,7.8803,4344.2,71.896,4343.9,1.0576,4344.3,106.7003,4343.8,6.4387,4344.4,18.3076,4343.7,0.4604,4344.5,137.1626,4343.6,41.7179,4344.6,113.5232,4343.5,46.1271,4344.7,164.1761,4343.4,109.816,4344.8,80.1947,4343.3,33.7555,4344.9,66.8605,4343.2,291.8753,4345.0,99.6646,4343.1,42.8336,4345.1,94.9358,4343.0,351.8502,4345.2,107.1112,4342.9,151.7385,4345.3,296.0151,4342.8,95.8028,4345.4,118.4595,4342.7,40.2584,4345.5,160.7359,4342.6,293.4757,4345.6,289.7481,4342.5,51.677,4345.7,228.9983,4342.4,89.3362,4345.8,115.544,4342.3,199.6216,4345.9,142.8686,4342.2,106.0022,4346.0,349.8144,4342.1,18.4744,4346.1,40.38
1756904113.3337147,1756904112971,1756904112971,4344.1,7.8803,4344.2,71.896,4343.9,1.0576,4344.3,158.483,4343.8,0.5757,4344.4,60.3077,4343.7,0.4604,4344.5,139.9246,4343.6,0.2541,4344.6,125.0317,4343.5,46.1271,4344.7,39.9106,4343.4,125.3488,4344.8,91.7027,4343.3,33.7555,4344.9,191.122,4343.2,123.1307,4345.0,99.5494,4343.1,43.4557,4345.1,94.9358,4343.0,351.8502,4345.2,176.3848,4342.9,203.1155,4345.3,296.0151,4342.8,172.2758,4345.4,52.3354,4342.7,220.6052,4345.5,160.7359,4342.6,293.4757,4345.6,154.1324,4342.5,4.9306,4345.7,240.5039,4342.4,89.3362,4345.8,115.544,4342.3,199.874,4345.9,142.8686,4342.2,84.4963,4346.0,349.8144,4342.1,18.4744,4346.1,40.38
1756904113.9861386,1756904113538,1756904113538,4344.1,7.8663,4344.2,23.3525,4343.9,1.0576,4344.3,123.5599,4343.8,0.5757,4344.4,138.2807,4343.7,19.5268,4344.5,46.7201,4343.6,88.2584,4344.6,44.591,4343.5,59.9162,4344.7,136.5628,4343.4,145.6324,4344.8,130.0457,4343.3,33.7555,4344.9,191.122,4343.2,47.0719,4345.0,99.5494,4343.1,126.674,4345.1,94.9358,4343.0,351.8502,4345.2,176.3848,4342.9,208.8535,4345.3,296.0151,4342.8,172.2758,4345.4,52.3354,4342.7,359.7286,4345.5,160.7359,4342.6,293.4757,4345.6,154.1324,4342.5,29.2483,4345.7,254.755,4342.4,113.6545,4345.8,115.544,4342.3,220.2724,4345.9,163.7625,4342.2,84.4963,4346.0,349.8144,4342.1,18.4744,4346.1,40.38
1756904114.4950268,1756904114117,1756904114117,4344.1,77.152,4344.2,23.2588,4343.9,1.0576,4344.3,149.7811,4343.8,0.5757,4344.4,125.2897,4343.7,19.5268,4344.5,46.7201,4343.6,108.4227,4344.6,105.7011,4343.5,63.3696,4344.7,158.6717,4343.4,145.6324,4344.8,130.0457,4343.3,33.7555,4344.9,191.122,4343.2,47.0719,4345.0,99.5494,4343.1,223.3575,4345.1,148.1371,4343.0,255.1637,4345.2,176.3848,4342.9,208.8535,4345.3,296.0151,4342.8,246.1907,4345.4,52.3354,4342.7,359.7286,4345.5,160.7359,4342.6,293.4757,4345.6,154.1324,4342.5,29.2483,4345.7,254.755,4342.4,113.6545,4345.8,115.544,4342.3,220.2724,4345.9,163.7625,4342.2,84.4963,4346.0,349.8144,4342.1,18.4744,4346.1,40.38
1756904115.013417,1756904114606,1756904114606,4344.1,42.3595,4344.2,149.4834,4343.9,1.0576,4344.3,97.9995,4343.8,0.5757,4344.4,146.9155,4343.7,0.4604,4344.5,46.7201,4343.6,45.1248,4344.6,105.7011,4343.5,59.9162,4344.7,24.1726,4343.4,54.4024,4344.8,130.0457,4343.3,63.7648,4344.9,191.122,4343.2,219.2911,4345.0,99.5494,4343.1,44.6433,4345.1,148.1371,4343.0,255.1637,4345.2,176.3848,4342.9,305.5418,4345.3,296.0151,4342.8,246.1907,4345.4,66.1245,4342.7,359.7286,4345.5,160.7359,4342.6,293.4757,4345.6,154.1324,4342.5,29.2483,4345.7,241.1969,4342.4,113.6545,4345.8,116.1197,4342.3,220.2724,4345.9,163.7625,4342.2,84.4963,4346.0,349.8144,4342.1,18.4744,4346.1,39.8043
1756904115.4888818,1756904115123,1756904115123,4344.1,7.8303,4344.2,149.4761,4343.9,1.0576,4344.3,97.9995,4343.8,0.5757,4344.4,146.9155,4343.7,1.5726,4344.5,83.9089,4343.6,29.6909,4344.6,69.6288,4343.5,74.8777,4344.7,24.1726,4343.4,21.7497,4344.8,108.6146,4343.3,101.0293,4344.9,191.122,4343.2,177.2494,4345.0,99.5494,4343.1,46.9457,4345.1,148.1371,4343.0,255.1637,4345.2,176.3848,4342.9,305.5418,4345.3,296.0151,4342.8,246.1907,4345.4,160.585,4342.7,359.7286,4345.5,160.7359,4342.6,293.4757,4345.6,154.1324,4342.5,29.2483,4345.7,241.1969,4342.4,113.6545,4345.8,116.1197,4342.3,220.2724,4345.9,163.7625,4342.2,84.4963,4346.0,349.8144,4342.1,18.4744,4346.1,39.8043
1756904116.1843,1756904115726,1756904115726,4344.1,0.018,4344.2,449.4011,4343.9,0.2023,4344.3,105.2933,4343.7,0.9142,4344.4,140.0529,4343.5,0.4604,4344.5,81.6072,4343.4,10.3757,4344.6,159.8924,4343.3,0.6504,4344.7,22.8092,4343.2,9.8743,4344.8,297.5627,4343.1,4.5726,4344.9,67.0907,4343.0,94.1952,4345.0,279.7693,4342.9,105.5667,4345.1,272.6822,4342.8,62.4744,4345.2,211.7651,4342.7,119.6676,4345.3,40.509,4342.6,163.5341,4345.4,275.5193,4342.5,118.1941,4345.5,161.3116,4342.4,163.5958,4345.6,223.1505,4342.3,378.4764,4345.7,241.3121,4342.2,42.5529,4345.8,349.8387,4342.1,79.3049,4345.9,163.3023,4342.0,297.3862,4346.0,351.5225,4341.9,246.3343,4346.1,39.8043
1756904116.6551418,1756904116233,1756904116233,4344.1,0.018,4344.2,320.2112,4343.9,0.0589,4344.3,140.7513,4343.7,0.9142,4344.4,202.9856,4343.5,0.4604,4344.5,81.4664,4343.4,9.8,4344.6,159.3972,4343.3,0.6504,4344.7,22.8092,4343.2,23.0647,4344.8,350.8317,4343.1,14.6777,4344.9,67.5975,4343.0,170.0175,4345.0,291.6541,4342.9,53.6318,4345.1,273.1774,4342.8,182.7953,4345.2,212.6891,4342.7,45.9962,4345.3,40.509,4342.6,119.9943,4345.4,275.5193,4342.5,118.1941,4345.5,160.7359,4342.4,163.5958,4345.6,223.1505,4342.3,377.9007,4345.7,236.6478,4342.2,310.6273,4345.8,183.8963,4342.1,65.5158,4345.9,142.4084,4342.0,352.8147,4346.0,351.7527,4341.9,246.3343,4346.1,39.5741
1756904117.1954763,1756904116776,1756904116776,4343.9,0.0589,4344.0,259.0368,4343.7,0.9142,4344.1,191.4911,4343.5,0.4604,4344.2,326.1854,4343.4,9.8,4344.3,140.7513,4343.3,0.7938,4344.4,244.3498,4343.2,59.9827,4344.5,103.9685,4343.1,14.6313,4344.6,159.3972,4343.0,174.4346,4344.7,22.8092,4342.9,53.6318,4344.8,350.8317,4342.8,157.952,4344.9,67.5975,4342.7,45.9962,4345.0,291.6191,4342.6,119.9943,4345.1,286.9665,4342.5,118.3308,4345.2,212.9201,4342.4,216.0005,4345.3,40.509,4342.3,377.9007,4345.4,275.5193,4342.2,310.6273,4345.5,181.9904,4342.1,65.5158,4345.6,223.2657,4342.0,364.3301,4345.7,236.6478,4341.9,246.3343,4345.8,183.8963,4341.8,66.0162,4345.9,142.4084
1756904117.6640239,1756904117284,1756904117284,4343.9,0.0589,4344.0,549.7468,4343.7,0.9142,4344.1,172.2862,4343.5,0.4604,4344.2,22.3936,4343.4,24.767,4344.3,10.5627,4343.3,0.7938,4344.4,308.6041,4343.2,66.8372,4344.5,60.8712,4343.1,22.6901,4344.6,159.3972,4343.0,174.4346,4344.7,52.9174,4342.9,65.1448,4344.8,350.8317,4342.8,109.5254,4344.9,54.3887,4342.7,45.9962,4345.0,291.6191,4342.6,119.9943,4345.1,286.9665,4342.5,118.3308,4345.2,212.9201,4342.4,349.4749,4345.3,36.599,4342.3,366.3861,4345.4,276.4179,4342.2,310.6273,4345.5,181.9904,4342.1,65.5158,4345.6,223.2657,4342.0,364.3301,4345.7,236.7633,4341.9,246.3343,4345.8,183.8963,4341.8,77.5321,4345.9,142.4084
1756904118.5649014,1756904117921,1756904117921,4343.9,0.0589,4344.0,267.9754,4343.7,0.9142,4344.1,217.8668,4343.5,0.4604,4344.2,107.1677,4343.4,21.5516,4344.3,51.0188,4343.3,15.7559,4344.4,243.2136,4343.2,63.3836,4344.5,82.7886,4343.1,74.4848,4344.6,99.5462,4343.0,122.6384,4344.7,10.5003,4342.9,65.1448,4344.8,350.8317,4342.8,237.5368,4344.9,54.3887,4342.7,45.9962,4345.0,291.6191,4342.6,244.3187,4345.1,290.7665,4342.5,21.633,4345.2,212.9201,4342.4,349.4749,4345.3,36.599,4342.3,242.0553,4345.4,277.8217,4342.2,310.6273,4345.5,42.867,4342.1,65.5158,4345.6,84.0271,4342.0,364.3301,4345.7,97.6399,4341.9,246.3343,4345.8,115.4851,4341.8,77.5321,4345.9,142.4084
1756904118.8186383,1756904118407,1756904118407,4343.9,105.112,4344.0,267.9574,4343.7,0.9142,4344.1,89.9132,4343.6,0.0589,4344.2,107.074,4343.5,7.0563,4344.3,51.0188,4343.4,21.3135,4344.4,202.8115,4343.3,15.7559,4344.5,0.9403,4343.2,63.3836,4344.6,99.5462,4343.1,35.1278,4344.7,10.5003,4343.0,174.3993,4344.8,350.8317,4342.9,106.3682,4344.9,54.3887,4342.8,140.8445,4345.0,291.6191,4342.7,45.9962,4345.1,290.7665,4342.6,341.0134,4345.2,212.9201,4342.5,21.633,4345.3,36.599,4342.4,216.0005,4345.4,221.4294,4342.3,242.0553,4345.5,42.867,4342.2,310.6273,4345.6,84.0271,4342.1,65.5158,4345.7,97.6399,4342.0,461.49,4345.8,115.4851,4341.9,246.3343,4345.9,142.4084
1756904119.331824,1756904118910,1756904118910,4343.9,115.0167,4344.0,221.0096,4343.7,0.9142,4344.1,93.7402,4343.6,3.7663,4344.2,144.0455,4343.5,10.5097,4344.3,10.5627,4343.4,38.6106,4344.4,148.5258,4343.3,4.2473,4344.5,0.9403,4343.2,49.5945,4344.6,99.5462,4343.1,46.0646,4344.7,51.7237,4343.0,122.6034,4344.8,295.1683,4342.9,70.8828,4344.9,63.9585,4342.8,141.9924,4345.0,152.5307,4342.7,45.9962,4345.1,329.8518,4342.6,341.0134,4345.2,167.6472,4342.5,302.1823,4345.3,36.599,4342.4,216.0005,4345.4,82.306,4342.3,242.0553,4345.5,21.6125,4342.2,310.6273,4345.6,84.0271,4342.1,13.6072,4345.7,98.0412,4342.0,322.3666,4345.8,474.2795,4341.9,246.3343,4345.9,142.4084
1756904119.9711952,1756904119502,1756904119502,4343.9,222.3831,4344.0,0.0937,4343.8,7.0578,4344.4,0.1151,4343.7,0.9142,4344.8,28.3107,4343.6,99.1588,4344.9,0.4659,4343.5,301.2643,4345.0,127.743,4343.4,24.8275,4345.1,4.554,4343.3,0.6504,4345.2,10.9416,4343.2,33.6748,4345.3,132.7871,4343.1,79.275,4345.4,38.7802,4343.0,161.9434,4345.5,145.8595,4342.9,261.7991,4345.6,12.2269,4342.8,61.513,4345.7,36.84,4342.7,184.0126,4345.8,321.1139,4342.6,97.1192,4345.9,94.4484,4342.5,294.4511,4346.0,71.775,4342.4,194.8073,4346.1,37.777,4342.3,182.7174,4346.2,8.3816,4342.2,54.0678,4346.3,169.9001,4342.1,154.865,4346.4,120.131,4342.0,61.7402,4346.5,31.5542
1756904120.6474633,1756904120027,1756904120027,4343.9,374.6665,4344.0,0.0937,4343.8,60.9581,4344.4,0.1151,4343.7,31.1664,4344.6,22.9415,4343.6,120.1892,4344.8,11.6457,4343.5,317.3643,4344.9,10.4046,4343.4,441.2475,4345.0,134.3615,4343.3,0.6504,4345.1,4.554,4343.2,193.4131,4345.2,90.5932,4343.1,35.9232,4345.3,170.8503,4343.0,221.8426,4345.4,66.4779,4342.9,287.2568,4345.5,148.4995,4342.8,61.513,4345.6,12.364,4342.7,179.4046,4345.7,99.1713,4342.6,97.5812,4345.8,207.771,4342.5,285.9906,4345.9,157.3537,4342.4,351.6591,4346.0,36.0824,4342.3,182.7174,4346.1,102.1417,4342.2,97.5683,4346.2,22.4207,4342.1,82.8742,4346.3,448.0313,4342.0,61.7402,4346.4,120.131
1756904121.0394754,1756904120591,1756904120591,4343.9,492.6454,4344.6,22.9415,4343.8,115.8606,4344.8,29.9278,4343.7,138.711,4344.9,1.3745,4343.6,232.3157,4345.0,99.8972,4343.5,231.8919,4345.1,52.5284,4343.4,481.9459,4345.2,171.3841,4343.3,53.8846,4345.3,155.1855,4343.2,187.9182,4345.4,66.0159,4343.1,38.3246,4345.5,146.0995,4343.0,160.8121,4345.6,12.2269,4342.9,263.1728,4345.7,99.4113,4342.8,31.8109,4345.8,124.9504,4342.7,40.7522,4345.9,152.5057,4342.6,181.0851,4346.0,29.1751,4342.5,281.8665,4346.1,113.6462,4342.4,217.6517,4346.2,382.9305,4342.3,43.594,4346.3,452.0583,4342.2,97.7985,4346.4,119.4919,4342.1,82.8742,4346.5,46.8918,4342.0,61.7402,4346.6,18.2344
1756904121.5629783,1756904121074,1756904121074,4344.5,316.7457,4344.6,22.9415,4344.4,212.6603,4344.9,1.3745,4344.3,125.8185,4345.0,55.8618,4344.2,165.421,4345.1,58.1719,4344.1,95.0063,4345.2,171.3841,4344.0,287.7063,4345.3,117.1223,4343.9,293.5374,4345.4,54.2902,4343.8,84.4405,4345.5,43.4218,4343.7,37.6736,4345.6,12.2325,4343.6,358.8039,4345.7,75.0719,4343.5,223.8305,4345.8,124.9504,4343.4,679.3134,4345.9,128.9288,4343.3,56.1871,4346.0,30.0387,4343.2,212.2318,4346.1,113.4062,4343.1,66.121,4346.2,382.6905,4343.0,47.86,4346.3,452.0583,4342.9,50.5403,4346.4,119.4919,4342.8,31.8109,4346.5,46.8918,4342.7,40.2917,4346.6,18.2344,4342.6,314.7085,4346.7,4.8776
1756904122.0761867,1756904121626,1756904121626,4344.8,251.4475,4344.9,2.7623,4344.7,173.9772,4345.0,89.8553,4344.6,192.1528,4345.1,76.8469,4344.5,188.5802,4345.2,26.6835,4344.4,164.8127,4345.3,15.2949,4344.3,52.2408,4345.4,50.5539,4344.2,199.0954,4345.5,120.8849,4344.1,35.9203,4345.6,77.5495,4344.0,219.8361,4345.7,75.0775,4343.9,148.0538,4345.8,185.4756,4343.8,76.8139,4345.9,43.737,4343.7,147.7716,4346.0,47.527,4343.6,365.125,4346.1,152.527,4343.5,88.7028,4346.2,382.2105,4343.4,704.8993,4346.3,451.9283,4343.3,15.1848,4346.4,54.0481,4343.2,180.4145,4346.5,33.4876,4343.1,66.121,4346.6,18.8101,4343.0,47.86,4346.7,4.9928,4342.9,28.995,4346.8,405.8324
1756904122.5261626,1756904122148,1756904122148,4344.8,232.0092,4344.9,12.6396,4344.7,171.44,4345.0,84.0004,4344.6,166.59,4345.1,0.9142,4344.5,7.9305,4345.2,75.9236,4344.4,69.6838,4345.3,57.471,4344.3,5.2765,4345.4,213.988,4344.2,111.8303,4345.5,83.9168,4344.1,63.1432,4345.6,34.2636,4344.0,204.2385,4345.7,74.5707,4343.9,147.9601,4345.8,125.4456,4343.8,133.2409,4345.9,96.4336,4343.7,147.7716,4346.0,99.3693,4343.6,285.1447,4346.1,154.6657,4343.5,36.162,4346.2,382.2105,4343.4,708.0167,4346.3,465.6244,4343.3,17.7269,4346.4,54.0481,4343.2,180.4145,4346.5,33.9496,4343.1,65.6605,4346.6,18.4544,4343.0,66.3028,4346.7,26.8301,4342.9,42.7841,4346.8,412.765
1756904123.3589783,1756904122653,1756904122653,4344.8,165.5634,4344.9,0.3318,4344.7,115.9735,4345.0,3.4522,4344.6,45.7837,4345.1,0.9142,4344.5,62.1999,4345.2,45.7148,4344.4,35.4436,4345.3,109.2416,4344.3,120.3778,4345.4,146.8377,4344.2,208.0859,4345.5,159.8433,4344.1,228.6465,4345.6,130.8957,4344.0,116.7817,4345.7,13.1354,4343.9,50.7181,4345.8,171.9455,4343.8,133.2409,4345.9,41.9398,4343.7,50.9528,4346.0,232.7924,4343.6,285.1447,4346.1,154.6657,4343.5,36.162,4346.2,175.1655,4343.4,772.0821,4346.3,465.6244,4343.3,17.7269,4346.4,54.0481,4343.2,180.4145,4346.5,33.9496,4343.1,65.6605,4346.6,32.2435,4343.0,88.8892,4346.7,235.6572,4342.9,28.995,4346.8,412.765
1756904123.734539,1756904123203,1756904123203,4344.8,167.3495,4344.9,0.3318,4344.7,92.7461,4345.1,11.504,4344.6,47.5198,4345.2,79.254,4344.5,68.8482,4345.3,8.9013,4344.4,48.6967,4345.4,183.1211,4344.3,131.8839,4345.5,38.8958,4344.2,118.3682,4345.6,130.8957,4344.1,84.7059,4345.7,44.2265,4344.0,176.2802,4345.8,98.7756,4343.9,307.4757,4345.9,39.1678,4343.8,35.3107,4346.0,305.0567,4343.7,51.1928,4346.1,154.6657,4343.6,337.9458,4346.2,175.1655,4343.5,89.1716,4346.3,43.6462,4343.4,711.208,4346.4,12.8247,4343.3,17.7269,4346.5,33.9496,4343.2,181.5943,4346.6,18.4544,4343.1,65.0564,4346.7,214.1662,4343.0,88.8892,4346.8,551.8884,4342.9,28.995,4346.9,89.6437
1756904124.2861757,1756904123786,1756904123786,4344.8,163.8403,4344.9,0.3318,4344.7,87.5462,4345.0,3.0,4344.6,127.281,4345.1,13.2687,4344.5,16.9764,4345.2,19.7145,4344.4,140.7173,4345.3,0.0046,4344.3,142.2457,4345.4,58.3303,4344.2,66.6427,4345.5,91.656,4344.1,170.4614,4345.6,41.878,4344.0,104.5299,4345.7,0.884,4343.9,21.1828,4345.8,98.5502,4343.8,64.6106,4345.9,78.0812,4343.7,51.3228,4346.0,59.8297,4343.6,356.4777,4346.1,97.4079,4343.5,89.4116,4346.2,126.3166,4343.4,420.9612,4346.3,92.8105,4343.3,32.6958,4346.4,23.071,4343.2,144.1009,4346.5,54.4238,4343.1,40.7423,4346.6,18.4316,4343.0,94.0765,4346.7,258.2001,4342.9,28.995,4346.8,405.4392
1756904124.7683387,1756904124352,1756904124352,4344.8,221.1033,4344.9,0.3204,4344.7,119.4442,4345.0,3.0,4344.6,47.3024,4345.2,11.25,4344.5,66.1872,4345.3,27.222,4344.4,176.0781,4345.4,61.6092,4344.3,149.4565,4345.5,51.3934,4344.2,100.2986,4345.6,130.9064,4344.1,172.7936,4345.7,41.4545,4344.0,67.9857,4345.8,146.9449,4343.9,362.8434,4345.9,16.5247,4343.8,127.919,4346.0,130.2755,4343.7,190.4462,4346.1,95.8421,4343.6,278.0867,4346.2,126.3166,4343.5,113.7237,4346.3,93.0505,4343.4,213.7937,4346.4,31.071,4343.3,36.4008,4346.5,101.2918,4343.2,145.7449,4346.6,17.8311,4343.1,40.7423,4346.7,580.3506,4343.0,73.2337,4346.8,295.8342,4342.9,28.995,4346.9,91.5737
1756904125.2810717,1756904124846,1756904124846,4344.8,224.9035,4344.9,0.3204,4344.7,184.1731,4345.0,3.0,4344.6,81.8657,4345.2,3.0834,4344.5,51.2611,4345.3,23.77,4344.4,124.465,4345.5,1.295,4344.3,127.8574,4345.6,44.843,4344.2,116.0765,4345.7,64.1557,4344.1,311.917,4345.8,81.1342,4344.0,28.2582,4345.9,14.1247,4343.9,501.9668,4346.0,167.0295,4343.8,127.919,4346.1,95.8421,4343.7,190.4462,4346.2,140.1173,4343.6,278.0867,4346.3,41.7212,4343.5,134.4706,4346.4,4.281,4343.4,218.3968,4346.5,89.2918,4343.3,37.7868,4346.6,188.1848,4343.2,284.8683,4346.7,547.4698,4343.1,40.7423,4346.8,142.9217,4343.0,73.2337,4346.9,119.1808,4342.9,168.1184,4347.0,218.9687
1756904125.8566334,1756904125491,1756904125491,4345.1,336.7138,4345.2,9.5379,4345.0,386.5043,4345.3,23.7654,4344.9,183.5439,4345.4,0.0937,4344.8,87.5224,4345.5,9.8862,4344.7,101.3322,4345.6,97.4084,4344.6,89.1958,4345.7,188.1565,4344.5,139.8755,4345.8,85.7236,4344.4,128.2302,4345.9,14.4519,4344.3,166.9807,4346.0,70.412,4344.2,74.8531,4346.1,123.2182,4344.1,189.9389,4346.2,182.3426,4344.0,175.4869,4346.3,39.2294,4343.9,502.4468,4346.4,37.6691,4343.8,221.0043,4346.5,65.1469,4343.7,163.5703,4346.6,190.3716,4343.6,161.1477,4346.7,547.4698,4343.5,62.0007,4346.8,140.4597,4343.4,79.2734,4346.9,91.6547,4343.3,22.3575,4347.0,86.4849,4343.2,145.7449,4347.1,27.2716
1756904126.747453,1756904125998,1756904125998,4345.1,206.9831,4345.2,2.3788,4345.0,172.4354,4345.3,38.7209,4344.9,6.509,4345.4,3.5456,4344.8,119.4361,4345.5,24.8441,4344.7,89.8241,4345.6,97.7903,4344.6,125.9698,4345.7,188.1565,4344.5,163.4774,4345.8,33.9421,4344.4,177.1711,4345.9,52.5291,4344.3,166.9807,4346.0,93.0176,4344.2,127.586,4346.1,187.9998,4344.1,189.9389,4346.2,142.4269,4344.0,202.8589,4346.3,39.2294,4343.9,502.4468,4346.4,4.281,4343.8,85.9597,4346.5,37.7708,4343.7,163.5703,4346.6,190.3716,4343.6,88.5942,4346.7,547.4698,4343.5,62.0007,4346.8,188.5879,4343.4,108.9241,4346.9,91.6547,4343.3,23.7435,4347.0,89.3337,4343.2,173.6418,4347.1,13.5975
1756904128.766625,1756904127231,1756904127231,4345.1,181.1805,4345.2,2.373,4345.0,69.6019,4345.4,11.5032,4344.9,3.2405,4345.5,1.3634,4344.8,224.5288,4345.6,10.0281,4344.7,49.3695,4345.7,13.12,4344.6,168.0894,4345.8,127.9365,4344.5,218.8623,4345.9,108.9164,4344.4,371.2311,4346.0,47.9449,4344.3,17.941,4346.1,25.8933,4344.2,232.4244,4346.2,17.3011,4344.1,222.9716,4346.3,39.2294,4344.0,202.8589,4346.4,128.5018,4343.9,343.8915,4346.5,37.7708,4343.8,79.8367,4346.6,239.4312,4343.7,163.5703,4346.7,542.6316,4343.6,320.3037,4346.8,188.2216,4343.5,61.9135,4346.9,91.6547,4343.4,88.4594,4347.0,110.4415,4343.3,23.9745,4347.1,13.5975,4343.2,327.4338,4347.2,257.9319
1756904129.062487,1756904127805,1756904127805,4345.1,177.6603,4345.2,1.373,4345.0,69.6019,4345.4,11.5032,4344.9,3.2405,4345.6,0.1408,4344.8,115.5181,4345.7,64.4258,4344.7,20.0258,4345.8,76.499,4344.6,266.7563,4345.9,108.5892,4344.5,122.4253,4346.0,7.2175,4344.4,329.6519,4346.1,24.7383,4344.3,17.941,4346.2,14.0553,4344.2,150.7643,4346.3,61.7315,4344.1,222.9716,4346.4,128.5018,4344.0,55.6302,4346.5,37.7708,4343.9,204.7681,4346.6,188.0696,4343.8,287.3095,4346.7,542.6316,4343.7,24.4469,4346.8,188.2216,4343.6,113.1467,4346.9,48.2013,4343.5,61.9135,4347.0,109.5429,4343.4,88.7222,4347.1,18.2055,4343.3,23.9745,4347.2,252.0921,4343.2,224.7587,4347.3,95.3356
1756904129.478411,1756904128003,1756904128003,4345.1,43.2926,4345.2,32.0912,4345.0,69.4919,4345.3,151.4663,4344.9,3.0567,4345.4,11.5032,4344.8,1.1936,4345.5,1.3634,4344.7,16.5734,4345.6,106.4178,4344.6,85.2117,4345.7,12.8436,4344.5,2.6589,4345.8,148.7612,4344.4,103.9424,4345.9,11.9652,4344.3,46.2917,4346.0,18.7225,4344.2,76.0788,4346.1,24.7383,4344.1,178.2076,4346.2,55.2787,4344.0,47.9201,4346.3,62.7335,4343.9,150.91,4346.4,8.889,4343.8,196.3133,4346.5,37.7708,4343.7,24.4469,4346.6,188.0696,4343.6,53.5014,4346.7,543.241,4343.5,244.7614,4346.8,188.2216,4343.4,74.9331,4346.9,48.777,4343.3,23.0505,4347.0,109.5429,4343.2,7.1015,4347.1,18.2055
1756904129.4794815,1756904128216,1756904128216,4345.1,21.599,4345.2,72.4045,4344.9,0.4603,4345.3,190.7973,4344.8,0.5551,4345.4,2.3451,4344.7,16.6323,4345.5,1.3634,4344.6,79.7117,4345.6,137.5873,4344.5,2.0712,4345.7,11.9294,4344.4,25.3407,4345.8,374.2402,4344.3,46.2917,4345.9,11.9652,4344.2,51.9135,4346.0,18.7225,4344.1,146.1482,4346.1,24.7383,4344.0,47.4613,4346.2,194.4021,4343.9,202.6956,4346.3,201.8569,4343.8,257.9647,4346.4,8.889,4343.7,24.4469,4346.5,76.7736,4343.6,29.19,4346.6,188.0696,4343.5,134.2768,4346.7,197.7632,4343.4,74.4303,4346.8,49.0982,4343.3,134.915,4346.9,48.777,4343.2,213.7969,4347.0,89.5429,4343.1,40.1666,4347.1,13.5975
1756904129.7893078,1756904129085,1756904129085,4344.2,116.1378,4344.3,53.0224,4344.1,77.8483,4344.4,131.3676,4344.0,127.8354,4344.5,53.0188,4343.9,30.4234,4344.6,30.26,4343.8,29.4377,4344.7,139.2435,4343.7,195.0958,4344.8,143.833,4343.6,68.1114,4344.9,103.568,4343.5,24.4302,4345.0,138.4662,4343.4,14.9978,4345.1,137.9387,4343.3,7.8321,4345.2,175.9433,4343.2,213.0567,4345.3,60.8104,4343.1,97.5094,4345.4,105.8727,4343.0,147.4646,4345.5,1.8434,4342.9,31.9615,4345.6,10.2938,4342.8,29.4205,4345.7,23.2511,4342.7,63.9706,4345.8,46.2173,4342.6,4.637,4345.9,11.9652,4342.5,14.5366,4346.0,147.5606,4342.4,53.201,4346.1,231.7922,4342.3,26.5794,4346.2,381.6961
1756904130.032214,1756904129288,1756904129288,4344.1,1.3107,4344.3,104.5343,4343.9,5.6545,4344.4,122.4085,4343.8,68.8608,4344.5,109.487,4343.7,1.425,4344.6,91.1215,4343.6,1.8512,4344.7,215.6135,4343.5,25.0059,4344.8,209.253,4343.4,58.3082,4344.9,251.7935,4343.3,88.0791,4345.0,276.1098,4343.2,15.9805,4345.1,281.9455,4343.1,123.0351,4345.2,668.8556,4343.0,132.6524,4345.3,84.1224,4342.9,14.25,4345.4,132.8383,4342.8,50.9822,4345.5,0.48,4342.7,39.6543,4345.6,10.0281,4342.6,4.175,4345.7,23.8265,4342.5,360.8677,4345.8,46.4475,4342.4,131.2806,4345.9,11.9652,4342.3,26.5794,4346.0,18.7169,4342.2,253.3148,4346.1,52.0987,4342.1,4.4453,4346.2,383.6956
1756904130.3405318,1756904129832,1756904129832,4344.1,22.4104,4344.2,358.2225,4343.9,5.5445,4344.3,161.075,4343.8,15.7885,4344.4,208.3186,4343.7,2.7884,4344.5,117.3927,4343.6,12.0684,4344.6,217.785,4343.5,25.4663,4344.7,330.6932,4343.4,33.7939,4344.8,337.4164,4343.3,1.3704,4344.9,178.5209,4343.2,151.3631,4345.0,227.5784,4343.1,268.0429,4345.1,205.2473,4343.0,132.6873,4345.2,313.3473,4342.9,13.6743,4345.3,4.5571,4342.8,2.78,4345.4,82.6591,4342.7,37.7835,4345.5,8.9402,4342.6,6.3766,4345.6,320.0385,4342.5,636.812,4345.7,30.7363,4342.4,77.2887,4345.8,50.9014,4342.3,26.5794,4345.9,11.9652,4342.2,94.4325,4346.0,18.6069,4342.1,5.6251,4346.1,154.2248
1756904130.705327,1756904130334,1756904130334,4344.0,0.1784,4344.1,640.3629,4343.9,5.7284,4344.2,483.2835,4343.8,16.1441,4344.3,38.8875,4343.7,2.7884,4344.4,110.7641,4343.6,7.9568,4344.5,17.5579,4343.5,25.4663,4344.6,245.7544,4343.4,62.2378,4344.7,163.1993,4343.3,29.5963,4344.8,168.9823,4343.2,222.7504,4344.9,38.0224,4343.1,265.8815,4345.0,209.8829,4343.0,156.5882,4345.1,72.8963,4342.9,14.1348,4345.2,270.6292,4342.8,2.78,4345.3,65.4534,4342.7,96.7717,4345.4,84.8035,4342.6,203.1869,4345.5,20.4463,4342.5,636.812,4345.6,320.0385,4342.4,77.5277,4345.7,30.7363,4342.3,54.1855,4345.8,64.6905,4342.2,84.2635,4345.9,12.8883,4342.1,6.226,4346.0,18.6069
1756904131.273581,1756904130858,1756904130858,4344.0,0.1784,4344.1,1269.2623,4343.7,0.0046,4344.2,145.331,4343.6,7.5018,4344.3,27.9959,4343.5,1.0361,4344.4,20.1805,4343.4,52.9508,4344.5,6.3137,4343.3,1.3704,4344.6,180.3335,4343.2,113.536,4344.7,159.2363,4343.1,52.009,4344.8,12.3248,4343.0,57.7572,4344.9,14.5982,4342.9,23.9471,4345.0,1.2199,4342.8,171.9908,4345.1,325.3647,4342.7,48.106,4345.2,309.7988,4342.6,395.9518,4345.3,79.2716,4342.5,568.7277,4345.4,84.8035,4342.4,85.9736,4345.5,159.5697,4342.3,54.1855,4345.6,41.7917,4342.2,90.6292,4345.7,191.4676,4342.1,237.612,4345.8,51.494,4342.0,65.8246,4345.9,15.8695,4341.9,5.8971,4346.0,159.0216
1756904131.8408918,1756904131415,1756904131415,4344.0,0.1224,4344.1,480.249,4343.7,0.9188,4344.2,142.7138,4343.6,0.1151,4344.3,30.8659,4343.5,0.4604,4344.4,65.1229,4343.4,10.1045,4344.5,51.6694,4343.3,4.5839,4344.6,77.669,4343.2,20.4369,4344.7,45.5649,4343.1,63.5215,4344.8,12.3248,4343.0,55.4212,4344.9,37.5803,4342.9,75.7452,4345.0,201.3928,4342.8,171.9908,4345.1,340.3419,4342.7,48.106,4345.2,479.6553,4342.6,273.9308,4345.3,70.99,4342.5,302.4555,4345.4,84.8035,4342.4,107.1924,4345.5,166.4745,4342.3,165.4272,4345.6,29.7917,4342.2,233.5496,4345.7,186.1721,4342.1,225.4335,4345.8,51.1324,4342.0,87.9388,4345.9,15.8695,4341.9,30.218,4346.0,159.0216
1756904132.4390388,1756904131979,1756904131979,4344.0,0.035,4344.1,465.7465,4343.7,0.9188,4344.2,160.9243,4343.6,0.1151,4344.3,64.7006,4343.5,0.6038,4344.4,80.6237,4343.4,11.5517,4344.5,51.6694,4343.3,4.5839,4344.6,93.7588,4343.2,60.1265,4344.7,46.0717,4343.1,66.9752,4344.8,55.8517,4343.0,12.396,4344.9,37.5803,4342.9,113.7267,4345.0,242.9781,4342.8,50.8967,4345.1,340.479,4342.7,48.106,4345.2,479.8863,4342.6,301.8429,4345.3,73.531,4342.5,302.4555,4345.4,139.2828,4342.4,186.1419,4345.5,158.4745,4342.3,305.9906,4345.6,41.1567,4342.2,372.673,4345.7,186.1721,4342.1,225.4335,4345.8,99.8531,4342.0,103.9181,4345.9,15.8695,4341.9,51.6643,4346.0,212.0675
1756904132.96768,1756904132553,1756904132553,4344.0,0.035,4344.1,579.5819,4343.7,0.9188,4344.2,36.7374,4343.6,0.1151,4344.3,64.7006,4343.5,0.6038,4344.4,101.9868,4343.4,8.0982,4344.5,51.6694,4343.3,4.5839,4344.6,92.3954,4343.2,44.2955,4344.7,46.0717,4343.1,55.4627,4344.8,11.9891,4343.0,23.2424,4344.9,244.6917,4342.9,24.5228,4345.0,242.9781,4342.8,102.6958,4345.1,340.479,4342.7,48.106,4345.2,281.2978,4342.6,202.9826,4345.3,36.5768,4342.5,23.4887,4345.4,139.2828,4342.4,272.4421,4345.5,158.4745,4342.3,306.2306,4345.6,41.1567,4342.2,325.2129,4345.7,186.1721,4342.1,225.4335,4345.8,99.8531,4342.0,255.5103,4345.9,15.8695,4341.9,30.218,4346.0,212.3075
1756904133.5503724,1756904133113,1756904133113,4343.7,0.9188,4343.8,396.5865,4343.6,0.1151,4343.9,108.368,4343.5,0.6038,4344.0,114.795,4343.4,10.1045,4344.1,423.0712,4343.3,4.5839,4344.2,55.1976,4343.2,40.6203,4344.3,188.9777,4343.1,55.4627,4344.4,136.3676,4343.0,19.7209,4344.5,74.8215,4342.9,24.5228,4344.6,69.0684,4342.8,102.6958,4344.7,46.0717,4342.7,84.0799,4344.8,118.2058,4342.6,101.1839,4344.9,293.1431,4342.5,92.1466,4345.0,242.9781,4342.4,272.4421,4345.1,340.479,4342.3,306.4706,4345.2,232.6423,4342.2,382.0774,4345.3,25.5008,4342.1,284.9665,4345.4,139.2828,4342.0,116.3869,4345.5,158.4745,4341.9,217.5499,4345.6,89.0371,4341.8,79.0087,4345.7,164.7915
1756904134.1026757,1756904133636,1756904133636,4343.4,59.0043,4343.5,187.4787,4343.3,4.5839,4343.6,38.6751,4343.2,52.133,4343.7,39.3567,4343.1,28.1044,4343.8,223.8154,4343.0,12.3641,4343.9,79.77,4342.9,24.5228,4344.0,228.2339,4342.8,193.7567,4344.1,108.0564,4342.7,109.0512,4344.2,41.3499,4342.6,78.5518,4344.3,159.7947,4342.5,68.4617,4344.4,98.3157,4342.4,272.4421,4344.5,28.0828,4342.3,306.7106,4344.6,69.0684,4342.2,382.0774,4344.7,94.7855,4342.1,288.6276,4344.8,119.1048,4342.0,150.0594,4344.9,320.4797,4341.9,169.3414,4345.0,242.9781,4341.8,99.917,4345.1,312.987,4341.7,98.0367,4345.2,232.6423,4341.6,166.139,4345.3,28.0343,4341.5,144.417,4345.4,139.2828
1756904134.6103072,1756904134194,1756904134194,4343.4,114.69,4343.5,68.9435,4343.3,16.7402,4343.7,65.1521,4343.2,44.0689,4343.8,106.0117,4343.1,28.1044,4343.9,0.1408,4343.0,23.8735,4344.0,21.3974,4342.9,96.9613,4344.1,106.243,4342.8,193.7567,4344.2,100.0615,4342.7,75.4773,4344.3,126.1008,4342.6,78.5518,4344.4,62.8984,4342.5,95.8017,4344.5,18.8884,4342.4,272.4467,4344.6,80.3243,4342.3,356.0221,4344.7,94.9226,4342.2,382.0546,4344.8,119.1048,4342.1,288.6276,4344.9,293.1431,4342.0,289.1828,4345.0,242.9781,4341.9,169.802,4345.1,312.987,4341.8,99.917,4345.2,232.6423,4341.7,98.0367,4345.3,40.0343,4341.6,166.1618,4345.4,139.2828,4341.5,144.417,4345.5,149.2709
1756904135.1884673,1756904134722,1756904134722,4343.4,130.1592,4343.5,68.9435,4343.3,16.7402,4343.6,54.8024,4343.2,47.97,4343.7,65.1521,4343.1,28.1044,4343.8,94.9591,4343.0,97.63,4343.9,0.1408,4342.9,93.2306,4344.0,21.3974,4342.8,159.8339,4344.1,173.7942,4342.7,75.4773,4344.2,76.0718,4342.6,78.5518,4344.3,126.1008,4342.5,95.8017,4344.4,62.8984,4342.4,272.4467,4344.5,18.8884,4342.3,216.8987,4344.6,80.3243,4342.2,382.0546,4344.7,94.9226,4342.1,288.6276,4344.8,119.8248,4342.0,289.1828,4344.9,294.5459,4341.9,169.802,4345.0,242.9781,4341.8,99.917,4345.1,312.987,4341.7,98.0367,4345.2,232.6423,4341.6,166.8548,4345.3,40.2653,4341.5,5.2936,4345.4,139.2828
1756904135.736761,1756904135286,1756904135286,4343.4,130.1872,4343.5,68.9435,4343.3,16.7402,4343.6,54.8024,4343.2,47.97,4343.7,65.1521,4343.1,28.1044,4343.8,94.9591,4343.0,109.6242,4343.9,6.56,4342.9,93.2306,4344.0,80.2978,4342.8,159.8339,4344.1,183.7942,4342.7,75.4773,4344.2,76.0718,4342.6,78.5518,4344.3,126.1008,4342.5,95.8017,4344.4,62.8984,4342.4,272.4467,4344.5,18.8884,4342.3,216.8987,4344.6,80.3243,4342.2,382.0546,4344.7,94.9226,4342.1,288.6276,4344.8,119.8248,4342.0,289.2178,4344.9,294.5459,4341.9,308.9254,4345.0,242.9781,4341.8,99.917,4345.1,312.987,4341.7,100.1974,4345.2,232.6423,4341.6,69.5506,4345.3,40.2653,4341.5,5.2936,4345.4,139.2828
1756904136.1838176,1756904135781,1756904135781,4343.4,130.6757,4343.5,72.2834,4343.3,13.2867,4343.6,4.8325,4343.2,45.9197,4343.7,65.0419,4343.1,28.1044,4343.8,83.4515,4343.0,45.9053,4343.9,0.1408,4342.9,110.578,4344.0,113.8278,4342.8,85.1243,4344.1,150.3804,4342.7,75.4773,4344.2,76.0718,4342.6,78.5518,4344.3,126.1008,4342.5,95.8017,4344.4,62.8984,4342.4,272.4467,4344.5,21.0512,4342.3,167.5872,4344.6,112.8835,4342.2,294.8286,4344.7,95.0326,4342.1,288.6276,4344.8,119.8248,4342.0,428.3412,4344.9,294.5459,4341.9,308.3497,4345.0,245.2808,4341.8,99.917,4345.1,299.1979,4341.7,100.1974,4345.2,232.6423,4341.6,28.0814,4345.3,40.2653,4341.5,5.2936,4345.4,139.2828
1756904136.783575,1756904136332,1756904136332,4343.4,131.1014,4343.5,68.94,4343.3,9.7451,4343.6,47.8289,4343.2,41.1472,4343.7,65.0419,4343.1,28.1044,4343.8,106.45,4343.0,46.1385,4343.9,25.2913,4342.9,60.1441,4344.0,113.8278,4342.8,136.9228,4344.1,150.2867,4342.7,75.4773,4344.2,76.2557,4342.6,78.6455,4344.3,126.1008,4342.5,95.8017,4344.4,54.2271,4342.4,272.4467,4344.5,21.0512,4342.3,167.5872,4344.6,112.8835,4342.2,286.1529,4344.7,95.0326,4342.1,288.6276,4344.8,119.8248,4342.0,428.3412,4344.9,294.5459,4341.9,308.3497,4345.0,245.2808,4341.8,99.917,4345.1,299.1979,4341.7,100.4374,4345.2,246.4314,4341.6,28.0814,4345.3,40.2653,4341.5,5.8693,4345.4,139.2828
1756904137.2371612,1756904136834,1756904136834,4343.4,131.0934,4343.5,72.3771,4343.3,9.7451,4343.6,47.8289,4343.2,41.1472,4343.7,76.8769,4343.1,28.1044,4343.8,83.4515,4343.0,46.1385,4343.9,25.2913,4342.9,71.6537,4344.0,113.8278,4342.8,136.9228,4344.1,150.2867,4342.7,75.4773,4344.2,76.0718,4342.6,78.6455,4344.3,126.1008,4342.5,95.8017,4344.4,54.2271,4342.4,272.4467,4344.5,21.0512,4342.3,167.5872,4344.6,112.9935,4342.2,286.1529,4344.7,94.9226,4342.1,288.6276,4344.8,119.8248,4342.0,472.1072,4344.9,294.5459,4341.9,308.3497,4345.0,245.2808,4341.8,99.917,4345.1,299.1979,4341.7,100.4374,4345.2,246.4314,4341.6,28.0814,4345.3,40.2653,4341.5,5.8693,4345.4,139.2828
1756904137.7609224,1756904137338,1756904137338,4343.4,131.5819,4343.5,72.3771,4343.3,11.6542,4343.6,47.8289,4343.2,53.9349,4343.7,76.8769,4343.1,28.1044,4343.8,83.4515,4343.0,57.6481,4343.9,25.2913,4342.9,60.1441,4344.0,113.8278,4342.8,136.9228,4344.1,150.2867,4342.7,75.4773,4344.2,76.0718,4342.6,78.5518,4344.3,126.1008,4342.5,95.8017,4344.4,54.2271,4342.4,272.4467,4344.5,21.0512,4342.3,167.5872,4344.6,112.9935,4342.2,286.1529,4344.7,94.9226,4342.1,288.6276,4344.8,120.0648,4342.0,472.4817,4344.9,294.5459,4341.9,308.3497,4345.0,245.2808,4341.8,99.917,4345.1,299.1979,4341.7,100.4374,4345.2,246.4314,4341.6,28.0814,4345.3,40.2653,4341.5,5.8693,4345.4,139.2828
1756904138.4548728,1756904137941,1756904137941,4343.4,131.5819,4343.5,72.2834,4343.3,8.2007,4343.6,47.8289,4343.2,44.6581,4343.7,76.8769,4343.1,28.1044,4343.8,83.4515,4343.0,57.6131,4343.9,25.2913,4342.9,60.1441,4344.0,113.8278,4342.8,136.9228,4344.1,150.2867,4342.7,75.4773,4344.2,76.0718,4342.6,78.5518,4344.3,126.1008,4342.5,95.8017,4344.4,54.2271,4342.4,272.4467,4344.5,21.0512,4342.3,167.5872,4344.6,112.9935,4342.2,286.1529,4344.7,94.9226,4342.1,288.6276,4344.8,120.0648,4342.0,472.4817,4344.9,294.5459,4341.9,308.3497,4345.0,245.2808,4341.8,99.917,4345.1,299.1979,4341.7,100.4374,4345.2,246.4314,4341.6,28.0814,4345.3,40.2653,4341.5,21.3634,4345.4,139.2828
1756904139.0013094,1756904138548,1756904138548,4343.4,153.0166,4343.5,66.1295,4343.3,11.1147,4343.6,44.3756,4343.2,40.9504,4343.7,13.2532,4343.1,28.1044,4343.8,7.2531,4343.0,132.6956,4343.9,77.0784,4342.9,60.1441,4344.0,104.6197,4342.8,85.1243,4344.1,147.9848,4342.7,75.4773,4344.2,76.0718,4342.6,2.5773,4344.3,1.8237,4342.5,95.8017,4344.4,54.2271,4342.4,272.4467,4344.5,145.3254,4342.3,167.5872,4344.6,112.8835,4342.2,286.1529,4344.7,95.0326,4342.1,288.6276,4344.8,120.0648,4342.0,472.4817,4344.9,294.5459,4341.9,308.3497,4345.0,245.3158,4341.8,99.917,4345.1,299.1979,4341.7,100.4374,4345.2,241.8286,4341.6,18.7071,4345.3,40.2653,4341.5,21.3634,4345.4,139.2828
1756904139.549853,1756904139069,1756904139069,4343.4,166.1998,4343.5,61.9504,4343.3,16.8182,4343.7,128.0729,4343.2,68.801,4343.8,22.9985,4343.1,39.6135,4343.9,23.7736,4343.0,65.7681,4344.0,71.0897,4342.9,111.9412,4344.1,113.9411,4342.8,63.4236,4344.2,16.9483,4342.7,99.6046,4344.3,1.8237,4342.6,99.8127,4344.4,64.0271,4342.5,95.8017,4344.5,144.1441,4342.4,411.5701,4344.6,52.9786,4342.3,176.2627,4344.7,46.3188,4342.2,286.1529,4344.8,120.0648,4342.1,288.8578,4344.9,298.3459,4342.0,472.4817,4345.0,245.2006,4341.9,308.3497,4345.1,299.1979,4341.8,79.0087,4345.2,228.0395,4341.7,100.4374,4345.3,40.2653,4341.6,18.7071,4345.4,153.0719,4341.5,160.4868,4345.5,149.2709
1756904140.1774323,1756904139605,1756904139605,4343.4,150.0415,4343.5,63.6506,4343.3,3.3804,4343.7,24.1266,4343.2,31.5786,4343.8,105.2154,4343.1,28.1044,4343.9,84.7678,4343.0,91.7097,4344.0,53.3396,4342.9,58.8776,4344.1,150.6895,4342.8,164.4105,4344.2,16.9483,4342.7,76.8257,4344.3,48.3974,4342.6,243.5097,4344.4,119.3337,4342.5,50.8287,4344.5,146.2244,4342.4,411.5701,4344.6,98.387,4342.3,99.6785,4344.7,46.3188,4342.2,410.4863,4344.8,168.6539,4342.1,81.635,4344.9,295.9459,4342.0,540.5918,4345.0,245.2006,4341.9,189.7775,4345.1,312.987,4341.8,79.0087,4345.2,220.0395,4341.7,100.4374,4345.3,28.2653,4341.6,18.7071,4345.4,336.2549,4341.5,160.4868,4345.5,149.4909
1756904140.6738946,1756904140173,1756904140173,4343.4,35.8138,4343.5,74.2662,4343.3,1.1304,4343.6,75.9584,4343.2,22.287,4343.7,87.4244,4343.1,4.1542,4343.8,30.6698,4343.0,56.9146,4343.9,8.8131,4342.9,37.0101,4344.0,99.4232,4342.8,117.658,4344.1,272.8535,4342.7,52.4584,4344.2,79.9932,4342.6,123.5243,4344.3,83.9928,4342.5,50.8287,4344.4,120.9453,4342.4,180.2333,4344.5,22.4454,4342.3,43.3669,4344.6,98.387,4342.2,358.5889,4344.7,48.7188,4342.1,81.635,4344.8,168.6539,4342.0,496.8258,4344.9,295.9459,4341.9,308.3497,4345.0,196.2001,4341.8,79.0087,4345.1,299.1979,4341.7,100.4374,4345.2,188.5298,4341.6,18.7071,4345.3,40.2653,4341.5,5.8693,4345.4,336.2549
1756904141.161684,1756904140741,1756904140741,4343.4,8.3197,4343.5,170.074,4343.2,0.1434,4343.6,104.3731,4342.9,14.4341,4343.7,80.5375,4342.8,75.9506,4343.8,34.3335,4342.7,12.8505,4343.9,98.2126,4342.6,25.6755,4344.0,133.9461,4342.5,154.0009,4344.1,141.5592,4342.4,206.392,4344.2,45.191,4342.3,75.7017,4344.3,25.7739,4342.2,261.1441,4344.4,76.9996,4342.1,32.461,4344.5,22.451,4342.0,181.8852,4344.6,484.0276,4341.9,281.7264,4344.7,62.0011,4341.8,211.8398,4344.8,119.1658,4341.7,314.8356,4344.9,44.9911,4341.6,41.8174,4345.0,196.2001,4341.5,77.6478,4345.1,299.1979,4341.4,50.2644,4345.2,180.5526,4341.3,105.4256,4345.3,85.9375,4341.2,77.6057,4345.4,137.7141
1756904141.7767076,1756904141305,1756904141305,4343.4,0.1136,4343.5,415.5775,4343.1,0.1151,4343.6,79.8877,4342.9,0.4605,4343.7,130.4867,4342.8,0.1434,4343.8,46.3148,4342.7,0.6505,4343.9,266.3216,4342.6,57.1146,4344.0,109.8411,4342.5,0.4605,4344.1,89.8823,4342.4,80.0148,4344.2,69.4112,4342.3,95.2023,4344.3,25.7739,4342.2,71.0706,4344.4,55.7849,4342.1,110.2866,4344.5,152.6465,4342.0,179.6338,4344.6,295.826,4341.9,131.0381,4344.7,187.6874,4341.8,93.5605,4344.8,12.9491,4341.7,67.7025,4344.9,41.1911,4341.6,145.2172,4345.0,21.0007,4341.5,3.8221,4345.1,310.245,4341.4,247.7248,4345.2,180.5526,4341.3,199.4513,4345.3,81.9032,4341.2,77.8447,4345.4,264.7554
1756904142.321876,1756904141855,1756904141855,4342.3,0.4605,4342.4,37.6638,4342.2,76.9811,4342.5,145.577,4342.1,9.1551,4342.6,118.551,4342.0,105.1307,4342.7,113.9253,4341.9,64.5059,4342.8,104.3968,4341.8,70.1546,4342.9,151.7691,4341.7,42.6222,4343.0,214.8324,4341.6,22.2769,4343.1,201.9088,4341.5,173.392,4343.2,236.5536,4341.4,203.7182,4343.3,262.0701,4341.3,304.5003,4343.4,246.0018,4341.2,65.0455,4343.5,784.1842,4341.1,208.7088,4343.6,98.2235,4341.0,47.6505,4343.7,6.332,4340.9,38.7311,4343.8,111.6561,4340.8,36.3158,4343.9,248.0639,4340.7,43.7692,4344.0,98.3075,4340.6,73.6186,4344.1,244.4298,4340.5,346.3357,4344.2,216.9038,4340.4,73.0429,4344.3,304.0207
1756904142.7199078,1756904142389,1756904142389,4342.3,18.5175,4342.4,253.3601,4342.2,34.5723,4342.5,184.9776,4342.1,9.4918,4342.6,143.6981,4342.0,76.171,4342.7,173.6031,4341.9,34.8172,4342.8,92.2121,4341.8,114.4258,4342.9,199.579,4341.7,62.9445,4343.0,190.3521,4341.6,123.9523,4343.1,187.9778,4341.5,173.3923,4343.2,161.9402,4341.4,190.3602,4343.3,181.0274,4341.3,309.6636,4343.4,161.6038,4341.2,109.6364,4343.5,251.1024,4341.1,274.5567,4343.6,44.6066,4341.0,59.6505,4343.7,2.3774,4340.9,181.1936,4343.8,261.1155,4340.8,232.7272,4343.9,248.0639,4340.7,43.7692,4344.0,141.8287,4340.6,187.5581,4344.1,183.3654,4340.5,339.2641,4344.2,168.8376,4340.4,151.1427,4344.3,304.0207
1756904144.0522814,1756904142988,1756904142988,4342.3,18.5636,4342.4,153.6969,4342.2,40.1191,4342.5,3.5642,4342.1,18.2355,4342.6,3.4541,4342.0,83.0592,4342.7,132.1439,4341.9,34.8172,4342.8,131.9392,4341.8,149.2129,4342.9,108.1611,4341.7,74.4607,4343.0,105.2165,4341.6,133.2271,4343.1,136.2837,4341.5,173.4512,4343.2,104.4105,4341.4,190.3602,4343.3,11.9723,4341.3,325.7773,4343.4,9.3602,4341.2,209.8986,4343.5,248.0154,4341.1,274.5567,4343.6,88.9993,4341.0,182.825,4343.7,15.3342,4340.9,181.1936,4343.8,296.7367,4340.8,232.7272,4343.9,248.0639,4340.7,44.2299,4344.0,141.8287,4340.6,187.7781,4344.1,199.0614,4340.5,339.2641,4344.2,165.3137,4340.4,152.5287,4344.3,304.0207
1756904144.067553,1756904143539,1756904143539,4342.3,139.1217,4342.4,132.3819,4342.2,43.878,4342.6,75.976,4342.1,18.2355,4342.7,52.7148,4342.0,92.9102,4342.8,100.1395,4341.9,34.8172,4342.9,11.4701,4341.8,149.2124,4343.0,0.2411,4341.7,74.4607,4343.1,25.2025,4341.6,209.219,4343.2,0.2411,4341.5,108.976,4343.3,11.9723,4341.4,190.3602,4343.4,131.3662,4341.3,450.1364,4343.5,217.6525,4341.2,209.8986,4343.6,89.1093,4341.1,150.1949,4343.7,15.3342,4341.0,170.825,4343.8,157.6133,4340.9,183.3888,4343.9,248.0639,4340.8,232.7272,4344.0,142.0947,4340.7,100.5633,4344.1,199.5234,4340.6,187.7781,4344.2,165.5447,4340.5,339.5041,4344.3,164.8973,4340.4,152.9907,4344.4,266.5347
1756904144.5100505,1756904144039,1756904144039,4342.3,108.0325,4342.4,85.9096,4342.2,37.2716,4342.6,3.4541,4342.1,18.2355,4342.7,56.1688,4342.0,96.6633,4342.8,94.3866,4341.9,46.3295,4342.9,11.4701,4341.8,173.7275,4343.0,130.5637,4341.7,74.4607,4343.1,25.2025,4341.6,152.6277,4343.2,0.2411,4341.5,108.976,4343.3,11.9723,4341.4,233.5704,4343.4,223.3947,4341.3,461.6536,4343.5,190.394,4341.2,209.8986,4343.6,89.1093,4341.1,150.1949,4343.7,15.4494,4341.0,174.625,4343.8,159.0165,4340.9,183.3888,4343.9,248.0639,4340.8,268.2195,4344.0,142.0947,4340.7,44.2299,4344.1,214.9295,4340.6,187.7781,4344.2,211.256,4340.5,339.5041,4344.3,164.8973,4340.4,153.452,4344.4,266.5347
1756904144.9672356,1756904144604,1756904144604,4342.3,34.3481,4342.4,126.4029,4342.2,33.8172,4342.5,75.979,4342.1,0.72,4342.6,20.4886,4342.0,30.3581,4342.7,61.9068,4341.9,12.6929,4342.8,97.8396,4341.8,63.2018,4342.9,11.4701,4341.7,40.6501,4343.0,165.7458,4341.6,116.9322,4343.1,25.2025,4341.5,12.2562,4343.2,20.86,4341.4,268.3424,4343.3,11.9723,4341.3,169.0495,4343.4,101.3898,4341.2,246.9936,4343.5,243.4462,4341.1,182.3529,4343.6,194.7909,4341.0,52.6303,4343.7,14.9426,4340.9,182.8131,4343.8,123.3953,4340.8,546.4713,4343.9,248.0639,4340.7,44.2299,4344.0,281.4491,4340.6,187.7781,4344.1,204.1434,4340.5,317.9273,4344.2,211.256,4340.4,153.683,4344.3,164.437
1756904145.624201,1756904145233,1756904145233,4342.3,9.3785,4342.4,127.8556,4342.2,33.8172,4342.5,60.478,4342.1,12.4307,4342.6,79.8555,4342.0,33.5727,4342.7,7.3153,4341.9,17.7044,4342.8,45.8376,4341.8,112.1867,4342.9,11.4701,4341.7,74.615,4343.0,150.5325,4341.6,88.7823,4343.1,25.2025,4341.5,122.9114,4343.2,35.1829,4341.4,243.9152,4343.3,136.285,4341.3,70.0209,4343.4,140.8092,4341.2,287.755,4343.5,203.0091,4341.1,187.8599,4343.6,194.6753,4341.0,211.1998,4343.7,14.8274,4340.9,242.1727,4343.8,123.3953,4340.8,555.1498,4343.9,248.0639,4340.7,92.7566,4344.0,324.5467,4340.6,187.7781,4344.1,204.6054,4340.5,318.388,4344.2,211.2367,4340.4,75.5839,4344.3,164.437
1756904146.0675106,1756904145636,1756904145636,4342.3,9.4722,4342.4,127.4184,4342.2,37.6163,4342.5,60.4784,4342.1,0.9142,4342.6,79.8555,4342.0,61.9236,4342.7,115.5203,4341.9,25.7654,4342.8,34.6515,4341.8,72.1039,4342.9,45.3623,4341.7,126.4266,4343.0,53.8431,4341.6,58.873,4343.1,54.8945,4341.5,122.8525,4343.2,11.7533,4341.4,243.9152,4343.3,136.2906,4341.3,70.0798,4343.4,140.8092,4341.2,287.755,4343.5,203.1135,4341.1,187.8599,4343.6,194.9153,4341.0,222.02,4343.7,14.8274,4340.9,242.1727,4343.8,123.3953,4340.8,557.0496,4343.9,248.0639,4340.7,92.9966,4344.0,325.0087,4340.6,188.0181,4344.1,204.8364,4340.5,318.388,4344.2,211.2367,4340.4,75.5839,4344.3,164.437
1756904146.6755621,1756904146191,1756904146191,4342.3,8.5615,4342.4,178.7683,4342.2,52.0035,4342.5,77.8281,4342.1,0.9142,4342.6,79.8555,4342.0,61.9236,4342.7,104.0097,4341.9,37.2779,4342.8,46.1616,4341.8,73.3366,4342.9,183.5626,4341.7,126.4266,4343.0,84.5995,4341.6,97.2658,4343.1,54.8945,4341.5,122.8525,4343.2,67.2747,4341.4,147.1941,4343.3,11.9779,4341.3,70.0798,4343.4,140.8092,4341.2,384.4805,4343.5,203.1251,4341.1,187.8599,4343.6,194.9153,4341.0,222.02,4343.7,14.8274,4340.9,242.1727,4343.8,167.0892,4340.8,557.7696,4343.9,248.0639,4340.7,126.31,4344.0,326.8567,4340.6,188.4981,4344.1,204.8364,4340.5,318.628,4344.2,211.2367,4340.4,75.5839,4344.3,164.437
1756904147.1999214,1756904146726,1756904146726,4342.3,8.5615,4342.4,178.7683,4342.2,52.0035,4342.5,77.8281,4342.1,4.3687,4342.6,76.4014,4342.0,55.6217,4342.7,104.0097,4341.9,37.2779,4342.8,99.2875,4341.8,76.7184,4342.9,169.6779,4341.7,126.4266,4343.0,84.5995,4341.6,97.2658,4343.1,45.0945,4341.5,122.8525,4343.2,29.9809,4341.4,147.1941,4343.3,11.9779,4341.3,70.0798,4343.4,140.8092,4341.2,384.4805,4343.5,203.1251,4341.1,187.8599,4343.6,194.9153,4341.0,271.4549,4343.7,14.8274,4340.9,242.1727,4343.8,167.0892,4340.8,557.7696,4343.9,248.0639,4340.7,126.31,4344.0,327.0877,4340.6,188.4981,4344.1,204.8364,4340.5,318.628,4344.2,211.2367,4340.4,75.5839,4344.3,164.437
1756904147.6590812,1756904147249,1756904147249,4342.3,7.2018,4342.4,35.0752,4342.2,48.5491,4342.5,129.6318,4342.1,1.0576,4342.6,4.0199,4342.0,59.2663,4342.7,179.989,4341.9,25.7654,4342.8,99.2875,4341.8,76.7184,4342.9,169.6779,4341.7,74.615,4343.0,84.6345,4341.6,149.0786,4343.1,54.8945,4341.5,122.8525,4343.2,29.9809,4341.4,147.1941,4343.3,219.1514,4341.3,70.0798,4343.4,140.8092,4341.2,407.9313,4343.5,203.2622,4341.1,187.8599,4343.6,194.9153,4341.0,271.4549,4343.7,14.8018,4340.9,242.1727,4343.8,167.0892,4340.8,578.173,4343.9,40.9172,4340.7,77.7833,4344.0,327.0877,4340.6,188.4981,4344.1,204.8364,4340.5,318.628,4344.2,211.2367,4340.4,75.5839,4344.3,164.437
1756904148.7355857,1756904147858,1756904147858,4342.3,101.6505,4342.4,30.6678,4342.2,37.2716,4342.5,63.933,4342.1,11.3488,4342.6,62.9712,4342.0,59.5053,4342.7,191.4994,4341.9,25.7654,4342.8,99.2875,4341.8,174.4859,4342.9,45.3623,4341.7,74.615,4343.0,84.6345,4341.6,97.2658,4343.1,179.2066,4341.5,122.8525,4343.2,89.8545,4341.4,147.1941,4343.3,219.1514,4341.3,70.0798,4343.4,140.8092,4341.2,455.6656,4343.5,203.2622,4341.1,187.8599,4343.6,194.9153,4341.0,271.4549,4343.7,14.6866,4340.9,242.1727,4343.8,26.9439,4340.8,557.7696,4343.9,40.9172,4340.7,76.7304,4344.0,327.0877,4340.6,188.4981,4344.1,65.713,4340.5,318.628,4344.2,211.2367,4340.4,75.6776,4344.3,164.437
1756904148.9536417,1756904148313,1756904148313,4342.3,8.0294,4342.4,191.5321,4342.2,33.8172,4342.5,9.2508,4342.1,1.0576,4342.6,161.0332,4342.0,23.465,4342.7,45.5807,4341.9,0.4606,4342.8,109.3141,4341.8,73.3366,4342.9,179.8297,4341.7,50.6648,4343.0,124.4588,4341.6,56.0431,4343.1,55.9249,4341.5,11.9773,4343.2,108.2764,4341.4,147.1941,4343.3,219.1458,4341.3,70.8086,4343.4,189.5061,4341.2,226.0639,4343.5,342.8808,4341.1,139.5472,4343.6,145.3425,4341.0,221.985,4343.7,153.81,4340.9,194.3314,4343.8,26.9439,4340.8,324.9714,4343.9,40.9172,4340.7,15.0053,4344.0,187.9643,4340.6,165.3499,4344.1,65.2527,4340.5,318.628,4344.2,211.2367,4340.4,75.6776,4344.3,164.437
1756904149.4355953,1756904148929,1756904148929,4342.2,31.5262,4342.3,693.1718,4342.0,23.465,4342.4,324.1575,4341.9,1.3748,4342.5,72.7919,4341.8,37.9918,4342.6,7.3859,4341.7,4.4652,4342.7,45.3968,4341.6,13.0593,4342.8,171.6113,4341.5,0.4606,4342.9,203.1023,4341.4,166.9578,4343.0,60.8845,4341.3,35.5742,4343.1,56.0497,4341.2,238.7628,4343.2,108.2764,4341.1,141.3018,4343.3,267.6301,4341.0,341.9775,4343.4,189.5061,4340.9,52.9053,4343.5,313.6068,4340.8,161.6736,4343.6,145.3425,4340.7,56.2287,4343.7,153.81,4340.6,421.4503,4343.8,13.1548,4340.5,318.628,4343.9,36.3092,4340.4,147.988,4344.0,186.4504,4340.3,33.7038,4344.1,54.2887,4340.2,111.7691,4344.2,211.2367
1756904149.930865,1756904149443,1756904149443,4342.2,31.5234,4342.3,1410.9617,4342.1,2.3001,4342.4,35.8659,4342.0,23.465,4342.5,5.9112,4341.9,6.2004,4342.6,194.7191,4341.8,42.8965,4342.7,45.3968,4341.7,17.3464,4342.8,67.2803,4341.6,9.6044,4342.9,169.2101,4341.5,17.8716,4343.0,37.5838,4341.4,199.2458,4343.1,46.9697,4341.3,35.5742,4343.2,108.2764,4341.2,279.9863,4343.3,267.6301,4341.1,147.0398,4343.4,232.441,4341.0,121.8603,4343.5,295.9077,4340.9,55.2086,4343.6,145.3425,4340.8,425.17,4343.7,154.503,4340.7,68.2287,4343.8,13.1548,4340.6,353.2723,4343.9,36.3092,4340.5,330.1474,4344.0,186.4504,4340.4,273.3223,4344.1,54.2887,4340.3,241.0109,4344.2,192.043
1756904150.6052094,1756904150085,1756904150085,4342.2,31.4104,4342.3,528.4953,4342.0,23.465,4342.4,36.3727,4341.8,37.9918,4342.5,53.3099,4341.7,4.0046,4342.6,20.4225,4341.6,2.5306,4342.7,9.2826,4341.4,37.765,4342.8,67.2859,4341.3,36.6878,4342.9,21.6197,4341.2,20.2951,4343.0,131.2063,4341.1,14.2498,4343.1,320.0835,4341.0,110.0788,4343.2,157.9018,4340.9,25.5011,4343.3,219.1471,4340.8,244.2453,4343.4,183.9641,4340.7,109.8339,4343.5,294.9057,4340.6,489.527,4343.6,145.3425,4340.5,58.4561,4343.7,430.5145,4340.4,253.3721,4343.8,13.1776,4340.3,415.9342,4343.9,35.4605,4340.2,220.4039,4344.0,188.3739,4340.1,103.6391,4344.1,41.7427,4340.0,96.4111,4344.2,94.2672
1756904150.9630618,1756904150531,1756904150531,4342.2,31.4104,4342.3,589.8344,4342.0,23.465,4342.4,54.6615,4341.8,37.9918,4342.5,53.3099,4341.7,4.0046,4342.6,8.5518,4341.6,2.5306,4342.7,240.435,4341.5,0.1434,4342.8,44.1944,4341.4,38.6792,4342.9,21.6197,4341.3,11.624,4343.0,181.7805,4341.2,40.7219,4343.1,320.0835,4341.1,14.2498,4343.2,158.3638,4341.0,100.8473,4343.3,11.9723,4340.9,122.5558,4343.4,183.9641,4340.8,277.8402,4343.5,290.2977,4340.7,36.6083,4343.6,145.3425,4340.6,324.06,4343.7,430.5145,4340.5,154.9672,4343.8,82.0692,4340.4,280.0643,4343.9,35.4605,4340.3,217.0878,4344.0,153.1091,4340.2,220.4039,4344.1,41.2627,4340.1,115.6203,4344.2,123.0422
1756904151.6677797,1756904151090,1756904151090,4342.2,30.6982,4342.3,472.4108,4342.1,2.3001,4342.4,69.7121,4342.0,23.465,4342.5,18.0266,4341.8,37.9918,4342.6,203.4255,4341.7,4.0046,4342.7,240.675,4341.6,2.5306,4342.8,13.9969,4341.5,3.455,4342.9,160.7431,4341.4,42.1343,4343.0,168.4866,4341.3,11.624,4343.1,319.9683,4341.2,10.0869,4343.2,50.7128,4341.1,79.6871,4343.3,11.9723,4341.0,101.8442,4343.4,183.9641,4340.9,70.7344,4343.5,290.2977,4340.8,230.6945,4343.6,145.3425,4340.7,77.8317,4343.7,431.2345,4340.6,324.06,4343.8,102.9051,4340.5,154.9672,4343.9,36.4205,4340.4,282.3677,4344.0,153.1091,4340.3,217.0878,4344.1,41.2627,4340.2,232.4039,4344.2,72.9485
1756904152.1123757,1756904151677,1756904151677,4342.2,30.6982,4342.3,630.9462,4342.1,2.3001,4342.4,57.609,4342.0,23.465,4342.5,70.4464,4341.8,37.9918,4342.6,79.0948,4341.7,4.0046,4342.7,241.0302,4341.6,2.5306,4342.8,79.098,4341.5,3.455,4342.9,208.8905,4341.4,42.3929,4343.0,168.4866,4341.3,11.624,4343.1,333.7574,4341.2,48.1177,4343.2,50.7128,4341.1,50.9005,4343.3,11.9723,4341.0,170.126,4343.4,183.5754,4340.9,72.5049,4343.5,290.2977,4340.8,230.6945,4343.6,305.5844,4340.7,36.6083,4343.7,431.2345,4340.6,324.06,4343.8,102.9051,4340.5,154.9672,4343.9,86.4205,4340.4,403.6221,4344.0,153.1091,4340.3,217.0878,4344.1,41.2627,4340.2,232.4039,4344.2,116.429
1756904152.7599342,1756904152225,1756904152225,4342.2,30.6982,4342.3,423.1057,4342.1,2.3001,4342.4,57.609,4342.0,23.465,4342.5,143.7175,4341.8,37.9918,4342.6,76.1191,4341.7,7.4594,4342.7,181.6947,4341.6,5.9855,4342.8,79.098,4341.5,16.1729,4342.9,22.1265,4341.4,118.1361,4343.0,333.955,4341.3,35.5742,4343.1,180.8449,4341.2,91.4605,4343.2,32.5219,4341.1,115.3862,4343.3,11.9723,4341.0,105.0929,4343.4,197.3645,4340.9,196.8753,4343.5,151.1743,4340.8,232.3099,4343.6,166.461,4340.7,77.256,4343.7,291.8711,4340.6,303.2102,4343.8,82.3092,4340.5,36.4021,4343.9,85.9405,4340.4,297.6578,4344.0,153.1091,4340.3,217.0878,4344.1,41.2627,4340.2,232.4039,4344.2,255.4372
1756904153.2837358,1756904152757,1756904152757,4342.2,35.3012,4342.3,390.2628,4342.0,23.465,4342.4,80.6373,4341.8,42.2643,4342.5,19.9657,4341.7,7.4594,4342.6,57.5439,4341.6,6.2245,4342.7,134.0833,4341.5,33.1525,4342.8,79.338,4341.4,97.416,4342.9,63.0831,4341.3,87.39,4343.0,325.9782,4341.2,82.1065,4343.1,180.8449,4341.1,115.3862,4343.2,81.5506,4341.0,161.4908,4343.3,12.2033,4340.9,253.3683,4343.4,201.5245,4340.8,243.9167,4343.5,290.4129,4340.7,54.3864,4343.6,118.4732,4340.6,189.5097,4343.7,291.6311,4340.5,45.0812,4343.8,13.1776,4340.4,348.3019,4343.9,85.9405,4340.3,217.0878,4344.0,153.1091,4340.2,232.4039,4344.1,42.3184,4340.1,59.3339,4344.2,255.6772
1756904154.1497574,1756904153341,1756904153341,4342.2,32.9926,4342.3,148.3783,4342.0,23.465,4342.4,43.2069,4341.9,14.9239,4342.5,117.8149,4341.8,45.719,4342.6,57.5439,4341.7,7.4594,4342.7,4.0246,4341.6,2.7696,4342.8,79.338,4341.5,52.9415,4342.9,24.2597,4341.4,179.67,4343.0,118.7912,4341.3,35.5742,4343.1,41.7215,4341.2,109.1112,4343.2,112.2824,4341.1,45.1239,4343.3,219.377,4341.0,161.4908,4343.4,205.3245,4340.9,264.8867,4343.5,302.4129,4340.8,262.8394,4343.6,118.4732,4340.7,54.3864,4343.7,291.6311,4340.6,445.1194,4343.8,13.1776,4340.5,45.5612,4343.9,85.9405,4340.4,348.3019,4344.0,153.1091,4340.3,217.0878,4344.1,42.3184,4340.2,93.7605,4344.2,255.6772
1756904154.3941376,1756904153831,1756904153831,4342.2,76.1284,4342.3,144.3768,4342.0,23.465,4342.4,152.576,4341.9,14.9239,4342.5,4.8432,4341.8,42.2643,4342.6,17.2468,4341.7,16.1668,4342.7,1.8547,4341.6,2.9536,4342.8,4.087,4341.5,62.0741,4342.9,146.1738,4341.4,78.0735,4343.0,21.5538,4341.3,70.0661,4343.1,36.4032,4341.2,140.5499,4343.2,63.0227,4341.1,66.9171,4343.3,219.377,4341.0,270.8481,4343.4,196.7602,4340.9,176.5212,4343.5,290.4129,4340.8,245.1741,4343.6,118.4732,4340.7,195.9943,4343.7,13.3843,4340.6,470.6275,4343.8,13.1776,4340.5,36.8821,4343.9,86.4009,4340.4,225.7041,4344.0,153.1091,4340.3,76.7846,4344.1,53.8282,4340.2,94.0005,4344.2,216.0186
1756904154.781048,1756904154400,1756904154400,4342.2,81.8003,4342.3,69.5898,4342.0,23.465,4342.4,124.1799,4341.9,14.9239,4342.5,4.8432,4341.8,45.719,4342.7,6.5348,4341.7,16.1668,4342.8,65.2593,4341.6,33.2108,4342.9,168.675,4341.5,113.3277,4343.0,36.8423,4341.4,127.4896,4343.1,36.4088,4341.3,70.0661,4343.2,122.9686,4341.2,213.7481,4343.3,266.8766,4341.1,66.9171,4343.4,336.2719,4341.0,270.8481,4343.5,288.0129,4340.9,176.5212,4343.6,20.0082,4340.8,244.5883,4343.7,13.3843,4340.7,195.8323,4343.8,13.1776,4340.6,470.6275,4343.9,86.4009,4340.5,61.211,4344.0,292.2325,4340.4,225.7041,4344.1,53.8282,4340.3,50.4716,4344.2,376.4038,4340.2,340.6865,4344.3,164.677
1756904155.4109259,1756904154901,1756904154901,4342.2,119.7301,4342.3,4.0275,4342.1,11.4683,4342.4,22.5727,4342.0,23.465,4342.5,10.1371,4341.9,15.8381,4342.6,51.802,4341.8,43.0489,4342.7,174.5307,4341.7,29.9559,4342.8,93.4197,4341.6,54.766,4342.9,157.162,4341.5,45.2233,4343.0,52.7665,4341.4,159.7763,4343.1,86.9215,4341.3,167.3647,4343.2,169.4902,4341.2,168.8062,4343.3,12.2033,4341.1,206.1505,4343.4,51.609,4341.0,140.0301,4343.5,170.5314,4340.9,225.4114,4343.6,6.2191,4340.8,244.5883,4343.7,13.3843,4340.7,104.578,4343.8,357.93,4340.6,331.5041,4343.9,86.4009,4340.5,61.211,4344.0,292.2325,4340.4,189.3634,4344.1,53.8282,4340.3,147.5093,4344.2,355.142
1756904155.7942634,1756904155411,1756904155411,4342.2,154.388,4342.3,2.8933,4342.1,11.4683,4342.4,22.5727,4342.0,29.419,4342.5,14.2735,4341.9,16.2987,4342.6,124.7922,4341.8,66.0407,4342.7,81.2868,4341.7,48.1224,4342.8,105.5056,4341.6,93.8554,4342.9,129.5379,4341.5,45.2233,4343.0,50.8005,4341.4,234.4131,4343.1,72.568,4341.3,167.3647,4343.2,159.9149,4341.2,94.2467,4343.3,12.2033,4341.1,67.0271,4343.4,78.8988,4341.0,140.0301,4343.5,170.5314,4340.9,225.4114,4343.6,284.4659,4340.8,244.5883,4343.7,17.9923,4340.7,104.578,4343.8,497.1458,4340.6,283.1925,4343.9,86.4009,4340.5,61.211,4344.0,292.2325,4340.4,177.3634,4344.1,54.2885,4340.3,153.2984,4344.2,255.6772
1756904156.319869,1756904155920,1756904155920,4342.2,154.388,4342.3,2.6598,4342.1,14.9228,4342.4,22.5727,4342.0,39.4898,4342.5,17.7277,4341.9,4.8295,4342.6,109.0955,4341.8,92.862,4342.7,111.9068,4341.7,88.4209,4342.8,82.5385,4341.6,93.8554,4342.9,129.5379,4341.5,44.1766,4343.0,37.0052,4341.4,226.3422,4343.1,36.4088,4341.3,143.9564,4343.2,159.9149,4341.2,94.2467,4343.3,14.5067,4341.1,67.0271,4343.4,263.5388,4341.0,189.4222,4343.5,170.5314,4340.9,225.4114,4343.6,284.4659,4340.8,534.8351,4343.7,17.9923,4340.7,104.578,4343.8,510.9349,4340.6,354.7648,4343.9,86.4009,4340.5,61.451,4344.0,292.2325,4340.4,177.3634,4344.1,54.2885,4340.3,153.2984,4344.2,255.6772
1756904156.7526417,1756904156423,1756904156423,4342.2,133.2742,4342.3,4.3721,4342.1,11.4683,4342.4,22.5727,4342.0,39.4898,4342.5,29.0999,4341.9,4.8295,4342.6,102.8054,4341.8,143.3089,4342.7,111.9068,4341.7,22.8204,4342.8,82.5385,4341.6,93.8554,4342.9,129.5379,4341.5,44.1766,4343.0,23.6202,4341.4,226.3422,4343.1,36.4088,4341.3,143.9564,4343.2,180.8421,4341.2,53.0233,4343.3,14.5067,4341.1,67.0271,4343.4,263.5388,4341.0,140.0301,4343.5,170.5314,4340.9,225.4114,4343.6,284.4659,4340.8,534.8351,4343.7,17.9923,4340.7,104.578,4343.8,510.8197,4340.6,354.7648,4343.9,86.4009,4340.5,61.451,4344.0,292.2325,4340.4,177.3634,4344.1,54.2885,4340.3,139.5093,4344.2,255.6772
1756904157.4181592,1756904156946,1756904156946,4342.2,182.074,4342.3,2.4561,4342.1,21.7178,4342.4,22.5727,4342.0,71.5902,4342.5,22.4711,4341.9,16.3418,4342.6,106.1187,4341.8,64.6773,4342.7,111.9068,4341.7,22.8204,4342.8,82.5385,4341.6,145.6673,4342.9,129.5379,4341.5,44.1766,4343.0,70.4164,4341.4,226.1988,4343.1,36.4088,4341.3,143.9564,4343.2,180.8421,4341.2,53.0233,4343.3,14.5067,4341.1,67.0271,4343.4,263.5388,4341.0,235.0461,4343.5,170.5314,4340.9,225.4114,4343.6,284.4659,4340.8,534.8351,4343.7,137.2764,4340.7,104.578,4343.8,510.8197,4340.6,354.6281,4343.9,86.4009,4340.5,61.451,4344.0,292.2325,4340.4,191.1525,4344.1,54.2885,4340.3,139.5093,4344.2,255.6772
1756904157.8260508,1756904157490,1756904157490,4342.2,261.7868,4342.3,0.3887,4342.1,33.233,4342.4,0.3272,4342.0,139.1604,4342.7,0.9142,4341.9,102.9037,4343.0,176.6275,4341.8,85.5585,4343.1,1.1244,4341.7,93.0647,4343.2,53.9887,4341.6,130.9332,4343.3,97.3732,4341.5,157.7093,4343.4,187.1062,4341.4,167.1276,4343.5,57.6726,4341.3,520.5402,4343.6,130.5144,4341.2,48.7974,4343.7,132.0732,4341.1,232.4615,4343.8,356.504,4341.0,237.2142,4343.9,85.9209,4340.9,101.3682,4344.0,87.3134,4340.8,387.0332,4344.1,62.7646,4340.7,57.9115,4344.2,394.5696,4340.6,121.8219,4344.3,25.5536,4340.5,36.6614,4344.4,268.8419,4340.4,269.2681,4344.5,16.4926,4340.3,139.5093,4344.6,64.2761
1756904158.6792727,1756904158112,1756904158112,4342.2,287.0699,4342.3,0.3689,4342.1,66.0407,4342.8,0.1408,4342.0,94.4648,4342.9,0.9142,4341.9,178.8878,4343.0,3.4538,4341.8,99.8554,4343.1,12.5931,4341.7,52.252,4343.2,221.3456,4341.6,119.4993,4343.3,97.3732,4341.5,135.2295,4343.4,140.6078,4341.4,254.6978,4343.5,80.8914,4341.3,659.0879,4343.6,130.5144,4341.2,44.1894,4343.7,13.0195,4341.1,234.5492,4343.8,13.9593,4341.0,167.8406,4343.9,36.1609,4340.9,76.8044,4344.0,129.6119,4340.8,287.2989,4344.1,305.2679,4340.7,56.7317,4344.2,392.711,4340.6,121.8219,4344.3,25.7739,4340.5,36.6614,4344.4,36.8808,4340.4,269.2681,4344.5,16.9529,4340.3,347.1876,4344.6,46.226
1756904159.214049,1756904158812,1756904158812,4342.2,287.0699,4342.3,0.3689,4342.1,64.2968,4342.8,3.5947,4342.0,128.526,4342.9,4.3681,4341.9,202.3267,4343.0,3.4538,4341.8,90.4301,4343.1,64.3903,4341.7,52.252,4343.2,170.2045,4341.6,119.4993,4343.3,130.9042,4341.5,183.9524,4343.4,174.6674,4341.4,254.7567,4343.5,122.6905,4341.3,707.4415,4343.6,130.5144,4341.2,44.1894,4343.7,12.9043,4341.1,234.5492,4343.8,75.0327,4341.0,167.8406,4343.9,36.4009,4340.9,76.8044,4344.0,129.6119,4340.8,287.7789,4344.1,305.2679,4340.7,56.7317,4344.2,394.79,4340.6,121.8219,4344.3,54.4719,4340.5,37.8164,4344.4,188.0042,4340.4,269.2681,4344.5,16.9529,4340.3,347.4179,4344.6,46.226
1756904159.7873824,1756904159331,1756904159331,4342.2,222.8781,4342.3,0.2752,4342.1,157.7607,4342.6,0.3272,4342.0,128.526,4342.7,0.9961,4341.9,105.6188,4342.8,0.1408,4341.8,95.9071,4342.9,76.8844,4341.7,148.9655,4343.0,57.6496,4341.6,119.4993,4343.1,64.3903,4341.5,134.6138,4343.2,91.0742,4341.4,254.7567,4343.3,130.6732,4341.3,707.4415,4343.4,176.8143,4341.2,44.1894,4343.5,107.2649,4341.1,234.5492,4343.6,130.5144,4341.0,188.5136,4343.7,12.9043,4340.9,76.4772,4343.8,75.3879,4340.8,14.138,4343.9,63.8107,4340.7,56.7317,4344.0,340.4929,4340.6,121.8219,4344.1,305.0369,4340.5,40.6564,4344.2,394.559,4340.4,441.6706,4344.3,81.8817,4340.3,160.0857,4344.4,188.0042
1756904160.3894806,1756904159852,1756904159852,4342.2,220.5686,4342.3,0.2651,4342.1,53.2217,4342.7,10.2571,4342.0,96.9284,4342.8,65.3304,4341.9,56.6366,4342.9,128.866,4341.8,150.5357,4343.0,50.7479,4341.7,51.3823,4343.1,141.688,4341.6,138.9909,4343.2,82.6416,4341.5,232.5567,4343.3,33.9914,4341.4,84.5517,4343.4,79.6626,4341.3,165.4733,4343.5,59.1525,4341.2,304.0143,4343.6,240.4761,4341.1,238.3492,4343.7,12.9043,4341.0,298.2196,4343.8,75.2727,4340.9,76.4772,4343.9,85.1318,4340.8,144.0496,4344.0,144.2646,4340.7,56.7317,4344.1,255.4017,4340.6,52.8383,4344.2,255.4356,4340.5,38.0564,4344.3,40.6828,4340.4,130.6067,4344.4,48.8808,4340.3,161.5554,4344.5,16.9529
1756904160.9261582,1756904160419,1756904160419,4342.2,195.9655,4342.3,0.2651,4342.1,30.46,4342.6,0.3272,4342.0,83.3908,4342.7,215.9297,4341.9,5.0135,4342.8,55.3675,4341.8,68.4817,4342.9,52.7119,4341.7,80.4111,4343.0,48.4454,4341.6,97.7675,4343.1,193.2605,4341.5,87.4787,4343.2,105.3804,4341.4,183.2547,4343.3,66.4291,4341.3,46.6578,4343.4,350.5563,4341.2,145.1412,4343.5,97.7218,4341.1,336.2927,4343.6,33.6371,4341.0,70.3794,4343.7,74.2185,4340.9,76.4772,4343.8,75.2727,4340.8,4.9262,4343.9,224.2552,4340.7,272.7029,4344.0,220.3916,4340.6,50.2496,4344.1,47.6888,4340.5,38.0564,4344.2,116.3122,4340.4,38.702,4344.3,32.6828,4340.3,20.9623,4344.4,25.3718
1756904161.3348675,1756904160960,1756904160960,4342.2,42.3557,4342.3,21.2603,4342.0,29.1715,4342.4,75.9788,4341.9,12.8918,4342.6,52.314,4341.8,57.2418,4342.7,111.2935,4341.7,37.9857,4342.8,17.5589,4341.6,56.9818,4342.9,54.1111,4341.5,11.4846,4343.0,73.6779,4341.4,182.9471,4343.1,204.773,4341.3,93.6791,4343.2,194.2323,4341.2,145.1412,4343.3,12.6604,4341.1,331.1304,4343.4,378.3682,4341.0,104.2967,4343.5,97.601,4340.9,53.3306,4343.6,60.3684,4340.8,192.0755,4343.7,74.2185,4340.7,343.6572,4343.8,156.4427,4340.6,50.2496,4343.9,236.2552,4340.5,38.0564,4344.0,359.515,4340.4,58.9822,4344.1,47.2285,4340.3,242.0464,4344.2,117.2108,4340.2,340.4475,4344.3,32.2225
1756904161.924448,1756904161514,1756904161514,4342.2,143.6011,4342.3,182.1027,4342.0,25.9078,4342.4,4.5524,4341.9,16.3465,4342.5,19.7657,4341.8,55.8784,4342.6,26.3365,4341.7,29.7671,4342.7,102.8954,4341.6,52.4946,4342.8,52.1396,4341.5,96.4432,4342.9,88.6438,4341.4,106.8932,4343.0,100.6633,4341.3,107.5693,4343.1,193.1487,4341.2,120.2489,4343.2,129.2794,4341.1,185.0316,4343.3,13.6736,4341.0,56.8737,4343.4,378.3626,4340.9,176.5195,4343.5,97.601,4340.8,193.2553,4343.6,60.3684,4340.7,334.9785,4343.7,75.1171,4340.6,50.2496,4343.8,230.4315,4340.5,62.8456,4343.9,187.5243,4340.4,83.3113,4344.0,354.907,4340.3,241.8161,4344.1,47.2285,4340.2,340.4475,4344.2,635.026
1756904162.5663426,1756904162025,1756904162025,4342.2,30.6172,4342.3,492.8727,4342.1,0.009,4342.4,15.8564,4342.0,25.3899,4342.5,1.8239,4341.8,38.2308,4342.6,26.2775,4341.7,11.1188,4342.7,154.4689,4341.6,5.1696,4342.8,301.6318,4341.5,11.9741,4342.9,65.2856,4341.4,95.3762,4343.0,115.6971,4341.3,2.3799,4343.1,45.5694,4341.2,12.0054,4343.2,129.5194,4341.1,43.2067,4343.3,152.797,4341.0,54.5689,4343.4,372.4974,4340.9,28.2006,4343.5,236.7244,4340.8,53.8919,4343.6,60.2532,4340.7,3.9667,4343.7,13.8029,4340.6,50.2496,4343.8,91.3081,4340.5,3.0475,4343.9,48.1609,4340.4,351.8561,4344.0,215.7836,4340.3,34.5211,4344.1,186.3519,4340.2,76.282,4344.2,635.026
1756904163.106194,1756904162570,1756904162570,4342.2,28.3144,4342.3,561.3629,4342.1,0.009,4342.4,13.2277,4342.0,23.0905,4342.5,7.7217,4341.8,37.9918,4342.6,279.984,4341.7,4.0046,4342.7,65.6854,4341.6,2.5306,4342.8,380.7702,4341.4,37.765,4342.9,65.2856,4341.2,0.19,4343.0,18.7782,4341.1,0.7063,4343.1,45.7997,4341.0,67.0867,4343.2,97.1975,4340.9,4.3769,4343.3,150.3914,4340.8,21.8632,4343.4,497.4318,4340.7,16.6322,4343.5,236.7244,4340.6,63.6494,4343.6,64.8591,4340.5,257.8253,4343.7,19.4258,4340.4,184.7795,4343.8,86.7004,4340.3,134.7456,4343.9,56.5066,4340.2,58.801,4344.0,215.7836,4340.1,17.1877,4344.1,434.3914,4340.0,151.094,4344.2,635.026
1756904164.1740065,1756904163284,1756904163284,4342.0,23.0905,4342.1,260.8938,4341.8,37.9918,4342.2,1213.128,4341.7,4.0046,4342.3,408.3836,4341.6,2.5306,4342.4,13.3533,4341.4,37.765,4342.5,78.6928,4341.2,0.19,4342.6,370.8937,4341.1,1.6205,4342.7,77.1989,4341.0,45.4515,4342.8,388.1645,4340.9,31.7842,4342.9,67.5956,4340.8,25.0626,4343.0,61.6774,4340.7,92.413,4343.1,45.7997,4340.6,172.3595,4343.2,368.1004,4340.5,101.3495,4343.3,150.3914,4340.4,102.0943,4343.4,445.1313,4340.3,5.0803,4343.5,236.7244,4340.2,70.3212,4343.6,10.825,4340.1,66.8279,4343.7,19.4258,4340.0,523.7902,4343.8,86.7004,4339.9,518.9824,4343.9,56.7466,4339.8,192.6986,4344.0,536.8838
1756904164.1760588,1756904163687,1756904163687,4342.0,23.0905,4342.1,1029.9502,4341.8,37.9918,4342.2,1414.7881,4341.7,4.0046,4342.3,226.8904,4341.6,2.5306,4342.4,52.7778,4341.4,37.765,4342.5,75.2386,4341.1,1.0576,4342.6,541.3173,4341.0,55.9372,4342.7,93.546,4340.9,0.9214,4342.8,179.4114,4340.8,1.9028,4342.9,67.8266,4340.7,35.4244,4343.0,137.5858,4340.6,73.2333,4343.1,59.5888,4340.5,24.2826,4343.2,367.8604,4340.4,15.4777,4343.3,140.5914,4340.3,4.6003,4343.4,494.6361,4340.2,56.032,4343.5,58.5712,4340.1,49.8802,4343.6,6.4591,4340.0,9.4534,4343.7,16.6523,4339.9,80.9295,4343.8,86.4604,4339.8,53.5752,4343.9,57.2266,4339.7,29.1308,4344.0,397.4829
1756904164.5800645,1756904164188,1756904164188,4342.0,23.0905,4342.1,1254.2101,4341.8,37.9918,4342.2,913.4074,4341.7,4.0046,4342.3,285.4251,4341.6,2.5306,4342.4,52.5939,4341.4,37.765,4342.5,1.0813,4341.1,0.1434,4342.6,541.3173,4341.0,42.315,4342.7,93.546,4340.9,0.4607,4342.8,697.4057,4340.8,0.9438,4342.9,67.8266,4340.7,0.4826,4343.0,137.5858,4340.6,38.4905,4343.1,45.7997,4340.5,23.3419,4343.2,367.8604,4340.4,5.0915,4343.3,1.4726,4340.3,4.1396,4343.4,328.0947,4340.2,38.235,4343.5,58.5712,4340.1,49.8802,4343.6,6.4591,4340.0,63.8148,4343.7,706.713,4339.9,87.4068,4343.8,86.4604,4339.8,106.6652,4343.9,57.3412,4339.7,101.9632,4344.0,396.9846
1756904165.2758965,1756904164750,1756904164750,4341.6,2.5306,4341.7,118.3664,4341.4,37.765,4341.8,522.9027,4341.1,0.1152,4341.9,487.8407,4341.0,42.315,4342.0,339.6141,4340.9,0.4607,4342.1,859.9597,4340.8,0.4638,4342.2,225.5397,4340.7,0.0026,4342.3,264.8041,4340.6,37.7715,4342.4,191.7173,4340.5,0.2318,4342.5,137.2398,4340.4,0.0035,4342.6,555.6102,4340.3,4.0029,4342.7,85.1577,4340.2,38.9092,4342.8,172.8387,4340.1,27.8893,4342.9,67.8266,4340.0,53.0287,4343.0,18.903,4339.9,51.4818,4343.1,48.638,4339.8,138.7605,4343.2,240.0503,4339.7,1.3658,4343.3,1.4726,4339.6,90.5902,4343.4,340.2985,4339.5,1.6406,4343.5,58.475,4339.4,94.5692,4343.6,30.7708
1756904165.7642052,1756904165283,1756904165283,4341.4,37.1416,4341.5,165.2192,4341.0,42.315,4341.6,127.9599,4340.9,0.4607,4341.7,1005.773,4340.8,0.4638,4341.8,383.6357,4340.7,0.0072,4341.9,66.4748,4340.6,37.7715,4342.0,214.0003,4340.5,0.2318,4342.1,333.7885,4340.4,0.0035,4342.2,224.1197,4340.3,4.0029,4342.3,118.9769,4340.2,38.6742,4342.4,187.3716,4340.1,0.6042,4342.5,137.2398,4340.0,7.1568,4342.6,367.9348,4339.9,10.2642,4342.7,91.7729,4339.8,37.9974,4342.8,30.2459,4339.7,0.7901,4342.9,136.4219,4339.6,25.219,4343.0,19.383,4339.5,6.1988,4343.1,45.7997,4339.4,90.0201,4343.2,100.9041,4339.3,38.3576,4343.3,3.3157,4339.2,114.4918,4343.4,340.2985
1756904166.3040268,1756904165855,1756904165855,4341.4,37.1416,4341.5,683.3973,4341.0,44.5801,4341.6,549.0389,4340.9,0.4607,4341.7,256.7944,4340.8,0.4638,4341.8,157.3018,4340.7,0.0072,4341.9,4.0393,4340.6,37.7715,4342.0,381.3533,4340.5,0.2318,4342.1,352.6924,4340.4,0.0035,4342.2,140.4764,4340.3,4.0029,4342.3,65.1148,4340.2,37.995,4342.4,139.2718,4340.1,27.893,4342.5,85.2251,4340.0,13.6923,4342.6,280.4792,4339.9,13.7205,4342.7,93.1779,4339.8,38.2344,4342.8,30.2459,4339.7,12.4268,4342.9,275.5453,4339.6,9.0299,4343.0,65.6978,4339.5,19.2154,4343.1,46.959,4339.4,83.4193,4343.2,100.9041,4339.3,113.6889,4343.3,105.4053,4339.2,211.8691,4343.4,453.7351
1756904166.7230833,1756904166327,1756904166327,4341.4,37.1186,4341.5,302.7515,4341.0,44.5801,4341.6,61.3423,4340.9,0.4607,4341.7,54.7037,4340.8,0.4638,4341.8,3.6958,4340.7,0.0072,4341.9,3.2326,4340.6,37.7715,4342.0,11.7565,4340.5,0.2318,4342.1,280.9424,4340.4,0.0035,4342.2,39.2635,4340.3,23.9662,4342.3,28.4994,4340.2,76.0511,4342.4,318.1051,4340.1,39.5941,4342.5,92.6171,4340.0,18.2654,4342.6,63.7462,4339.9,46.7081,4342.7,93.1779,4339.8,134.0247,4342.8,146.1614,4339.7,37.5439,4342.9,171.8956,4339.6,41.4311,4343.0,65.6978,4339.5,57.9482,4343.1,45.3392,4339.4,84.5604,4343.2,101.1441,4339.3,139.7461,4343.3,384.1321,4339.2,177.9899,4343.4,174.2175
1756904167.3024168,1756904166870,1756904166870,4341.4,37.1186,4341.5,201.0536,4341.0,44.5801,4341.6,52.7426,4340.9,0.4607,4341.7,55.6066,4340.8,0.6988,4341.8,29.589,4340.7,11.9146,4341.9,3.2326,4340.6,38.9207,4342.0,130.3204,4340.5,51.1785,4342.1,280.9424,4340.4,27.7337,4342.2,36.8635,4340.3,17.5309,4342.3,135.3518,4340.2,106.2439,4342.4,407.7736,4340.1,28.4687,4342.5,41.3863,4340.0,50.3163,4342.6,63.7462,4339.9,74.0922,4342.7,93.1779,4339.8,133.1143,4342.8,146.1614,4339.7,61.8772,4342.9,171.8956,4339.6,225.7808,4343.0,65.9378,4339.5,360.4702,4343.1,45.4544,4339.4,186.3408,4343.2,101.1441,4339.3,139.01,4343.3,341.1658,4339.2,207.1682,4343.4,174.2175
1756904167.8294225,1756904167414,1756904167414,4341.4,37.1186,4341.5,459.9596,4341.0,42.515,4341.6,37.4366,4340.9,0.4607,4341.7,67.2233,4340.8,0.6988,4341.8,108.7939,4340.7,21.1259,4341.9,168.8014,4340.6,76.4586,4342.0,130.3204,4340.5,41.8921,4342.1,280.9424,4340.4,91.0795,4342.2,285.0818,4340.3,17.5309,4342.3,247.142,4340.2,129.987,4342.4,431.7736,4340.1,97.7858,4342.5,52.7596,4340.0,172.3727,4342.6,63.7462,4339.9,69.2909,4342.7,114.1192,4339.8,133.251,4342.8,146.1614,4339.7,89.1768,4342.9,171.8956,4339.6,570.2965,4343.0,66.1778,4339.5,409.0417,4343.1,45.6944,4339.4,102.0089,4343.2,225.1322,4339.3,105.3863,4343.3,341.1658,4339.2,167.5858,4343.4,692.1411
1756904168.404443,1756904167936,1756904167936,4341.4,37.1186,4341.5,459.9596,4341.0,42.515,4341.6,71.6899,4340.9,0.4607,4341.7,67.2233,4340.8,0.6988,4341.8,109.5139,4340.7,19.0868,4341.9,169.5214,4340.6,76.4586,4342.0,130.3554,4340.5,14.4816,4342.1,280.9424,4340.4,113.1774,4342.2,298.8709,4340.3,105.0628,4342.3,247.142,4340.2,154.703,4342.4,464.4423,4340.1,109.3062,4342.5,20.7706,4340.0,227.6016,4342.6,75.26,4339.9,69.2909,4342.7,93.315,4339.8,133.251,4342.8,146.1614,4339.7,61.7927,4342.9,32.7722,4339.6,567.9927,4343.0,66.1778,4339.5,326.9014,4343.1,45.6944,4339.4,102.4889,4343.2,225.6122,4339.3,105.3863,4343.3,341.1658,4339.2,65.0836,4343.4,678.592
1756904169.5656981,1756904168733,1756904168733,4341.4,37.1186,4341.5,469.6317,4341.0,42.28,4341.6,71.6899,4340.9,0.4607,4341.7,67.2233,4340.8,0.4638,4341.8,109.5139,4340.7,0.2658,4341.9,170.0166,4340.6,38.9207,4342.0,130.3554,4340.5,16.3119,4342.1,280.9424,4340.4,113.1774,4342.2,316.786,4340.3,161.2684,4342.3,247.142,4340.2,133.0217,4342.4,454.8456,4340.1,109.3062,4342.5,20.7706,4340.0,193.3407,4342.6,74.7648,4339.9,46.7081,4342.7,114.2998,4339.8,198.0073,4342.8,146.1614,4339.7,179.6995,4342.9,32.7722,4339.6,64.487,4343.0,66.2128,4339.5,48.6546,4343.1,45.6944,4339.4,53.1491,4343.2,392.0529,4339.3,105.3863,4343.3,341.1658,4339.2,62.7798,4343.4,817.7154
1756904169.5697045,1756904169062,1756904169062,4341.4,37.0433,4341.5,471.9324,4341.0,42.28,4341.6,73.9399,4340.9,0.4607,4341.7,89.8197,4340.8,0.4638,4341.8,109.5139,4340.7,11.7986,4341.9,169.5214,4340.6,38.9207,4342.0,130.3554,4340.5,79.9473,4342.1,328.3662,4340.4,0.2385,4342.2,302.9969,4340.3,6.011,4342.3,247.142,4340.2,141.3999,4342.4,406.4005,4340.1,88.7587,4342.5,27.6795,4340.0,47.9775,4342.6,74.7648,4339.9,46.7081,4342.7,114.2998,4339.8,198.5516,4342.8,146.1614,4339.7,62.3548,4342.9,32.7722,4339.6,29.7244,4343.0,66.2128,4339.5,76.0718,4343.1,45.5792,4339.4,53.1491,4343.2,392.0529,4339.3,312.7451,4343.3,364.1956,4339.2,62.7798,4343.4,817.7154
1756904169.9754686,1756904169573,1756904169573,4341.4,37.0433,4341.5,471.4816,4341.2,2.3001,4341.6,74.181,4341.0,42.28,4341.7,89.8197,4340.9,0.4607,4341.8,109.5139,4340.8,0.4638,4341.9,169.5214,4340.7,0.0072,4342.0,130.8999,4340.6,38.9207,4342.1,328.3662,4340.5,31.7209,4342.2,302.9969,4340.4,44.4727,4342.3,248.528,4340.3,57.8383,4342.4,406.6315,4340.2,162.6111,4342.5,27.6795,4340.1,1.2205,4342.6,74.7648,4340.0,143.6117,4342.7,114.2998,4339.9,46.7081,4342.8,146.1614,4339.8,217.258,4342.9,32.7722,4339.7,62.3548,4343.0,66.4528,4339.6,29.7244,4343.1,45.5792,4339.5,48.6546,4343.2,392.0529,4339.4,287.9377,4343.3,364.1956,4339.3,312.9851,4343.4,817.7154
1756904170.5042353,1756904170088,1756904170088,4341.4,39.3112,4341.5,476.0848,4341.0,42.28,4341.6,132.0101,4340.9,0.4607,4341.7,55.4294,4340.8,0.4638,4341.8,87.0232,4340.7,0.0072,4341.9,169.5214,4340.6,42.3764,4342.0,178.7445,4340.5,83.6683,4342.1,328.3662,4340.4,44.4727,4342.2,316.786,4340.3,82.0262,4342.3,252.5078,4340.2,111.5399,4342.4,406.6315,4340.1,38.0471,4342.5,27.6795,4340.0,177.5048,4342.6,74.7648,4339.9,121.9027,4342.7,114.2998,4339.8,265.5103,4342.8,146.1614,4339.7,113.0848,4342.9,32.7722,4339.6,29.6282,4343.0,66.4528,4339.5,48.6546,4343.1,45.6944,4339.4,427.0611,4343.2,392.0529,4339.3,312.9851,4343.3,364.1956,4339.2,205.167,4343.4,817.7154
1756904170.9793444,1756904170632,1756904170632,4341.4,37.0078,4341.5,497.9713,4341.0,42.28,4341.6,88.6724,4340.9,0.4607,4341.7,45.6294,4340.8,0.4638,4341.8,87.2632,4340.7,11.6834,4341.9,169.5214,4340.6,74.9142,4342.0,130.8999,4340.5,83.6683,4342.1,280.9424,4340.4,66.3223,4342.2,126.5113,4340.3,82.0262,4342.3,252.5078,4340.2,86.5977,4342.4,267.5081,4340.1,12.7409,4342.5,27.6795,4340.0,177.5048,4342.6,153.3984,4339.9,124.3027,4342.7,93.315,4339.8,265.5103,4342.8,146.1614,4339.7,85.6596,4342.9,32.7722,4339.6,29.6282,4343.0,66.4528,4339.5,143.5421,4343.1,184.8178,4339.4,427.0611,4343.2,392.0529,4339.3,312.9851,4343.3,364.1956,4339.2,205.167,4343.4,817.7154
1756904171.5444398,1756904171169,1756904171169,4341.4,39.3112,4341.5,497.8776,4341.0,42.28,4341.6,88.6724,4340.9,0.4607,4341.7,45.6294,4340.8,0.6988,4341.8,87.2632,4340.7,15.139,4341.9,169.5214,4340.6,74.9142,4342.0,186.8514,4340.5,31.843,4342.1,280.9424,4340.4,118.1485,4342.2,252.0054,4340.3,82.0262,4342.3,253.2008,4340.2,86.5977,4342.4,267.5081,4340.1,12.7409,4342.5,27.6795,4340.0,179.8086,4342.6,153.3984,4339.9,124.3027,4342.7,114.6057,4339.8,265.5103,4342.8,146.1614,4339.7,85.6596,4342.9,33.0122,4339.6,29.6282,4343.0,66.9328,4339.5,143.5421,4343.1,185.0578,4339.4,427.0611,4343.2,393.4929,4339.3,312.9851,4343.3,364.1956,4339.2,205.167,4343.4,817.7154
1756904172.1029737,1756904171701,1756904171701,4341.4,39.3112,4341.5,488.1561,4341.0,42.515,4341.6,88.4313,4340.9,0.4607,4341.7,45.6294,4340.8,4.1543,4341.8,87.2632,4340.7,28.9281,4341.9,169.5214,4340.6,74.9142,4342.0,186.8514,4340.5,95.1874,4342.1,280.9424,4340.4,41.0168,4342.2,213.6618,4340.3,82.0262,4342.3,253.2008,4340.2,86.5977,4342.4,267.5081,4340.1,12.7409,4342.5,27.6795,4340.0,243.198,4342.6,153.3984,4339.9,124.3027,4342.7,93.315,4339.8,265.5692,4342.8,146.1614,4339.7,85.6007,4342.9,33.0122,4339.6,29.6282,4343.0,66.6928,4339.5,143.5421,4343.1,185.0578,4339.4,476.2091,4343.2,393.0129,4339.3,361.9726,4343.3,364.1956,4339.2,205.167,4343.4,749.0555
1756904172.6082325,1756904172241,1756904172241,4341.4,40.0896,4341.5,273.6525,4341.1,12.7545,4341.6,129.976,4341.0,42.515,4341.7,119.4236,4340.9,1.707,4341.8,4.6558,4340.8,34.1568,4341.9,100.6681,4340.7,55.2855,4342.0,107.8183,4340.6,64.4496,4342.1,127.0353,4340.5,116.1018,4342.2,195.2399,4340.4,76.6706,4342.3,253.2008,4340.3,133.6203,4342.4,267.5081,4340.2,86.5977,4342.5,90.3538,4340.1,35.0255,4342.6,153.3984,4340.0,170.3633,4342.7,371.5618,4339.9,143.6674,4342.8,146.1614,4339.8,495.4705,4342.9,33.0122,4339.7,62.8155,4343.0,66.6928,4339.6,16.6597,4343.1,185.0578,4339.5,143.5421,4343.2,393.0129,4339.4,476.2091,4343.3,364.6756,4339.3,145.9323,4343.4,749.0555
1756904173.2127483,1756904172846,1756904172846,4341.4,40.0896,4341.5,267.7223,4341.2,0.235,4341.6,132.895,4341.1,12.7545,4341.7,18.9058,4341.0,44.9362,4341.8,69.6369,4340.9,3.9162,4341.9,135.5345,4340.8,34.1568,4342.0,66.1141,4340.7,3.4628,4342.1,127.0353,4340.6,159.7285,4342.2,195.2399,4340.5,143.5825,4342.3,253.2008,4340.4,125.0496,4342.4,340.569,4340.3,133.6203,4342.5,90.3538,4340.2,210.9882,4342.6,153.3984,4340.1,35.0255,4342.7,371.7921,4340.0,168.0595,4342.8,146.1614,4339.9,143.6674,4342.9,33.0122,4339.8,322.8166,4343.0,88.3933,4339.7,38.9486,4343.1,184.9426,4339.6,28.1814,4343.2,393.0129,4339.5,143.5421,4343.3,364.6756,4339.4,476.2091,4343.4,737.5438
1756904173.9921615,1756904173416,1756904173416,4341.4,46.8317,4341.5,114.2783,4341.2,0.235,4341.6,26.6711,4341.1,12.7545,4341.7,39.68,4341.0,44.9362,4341.8,100.1159,4340.9,0.4607,4341.9,112.1837,4340.8,4.1543,4342.0,63.7141,4340.7,3.4628,4342.1,21.1175,4340.6,52.7098,4342.2,195.0095,4340.5,115.9866,4342.3,45.9791,4340.4,43.9497,4342.4,291.2362,4340.3,5.827,4342.5,82.9829,4340.2,92.0977,4342.6,360.1129,4340.1,70.1755,4342.7,376.7719,4340.0,170.5937,4342.8,146.1614,4339.9,189.1743,4342.9,26.2675,4339.8,69.0751,4343.0,88.3933,4339.7,178.072,4343.1,184.9426,4339.6,167.3048,4343.2,393.0129,4339.5,119.208,4343.3,341.6458,4339.4,475.9741,4343.4,728.3133
1756904174.4463613,1756904173978,1756904173978,4341.4,44.4746,4341.5,453.1468,4341.0,42.28,4341.6,2.3512,4340.9,0.6041,4341.7,172.8801,4340.8,0.0031,4341.8,135.5739,4340.7,0.4679,4341.9,35.6602,4340.6,47.5715,4342.0,11.5154,4340.5,24.6427,4342.1,22.4809,4340.4,5.2403,4342.2,314.5072,4340.3,62.6454,4342.3,156.1838,4340.2,43.26,4342.4,247.3048,4340.1,106.0381,4342.5,68.6493,4340.0,42.7739,4342.6,152.9032,4339.9,98.5813,4342.7,59.4073,4339.8,215.3881,4342.8,146.1614,4339.7,0.7901,4342.9,26.0365,4339.6,144.7984,4343.0,66.808,4339.5,107.1104,4343.1,184.9426,4339.4,90.9389,4343.2,384.4299,4339.3,294.5858,4343.3,63.159,4339.2,12.9537,4343.4,139.9436
1756904174.9889314,1756904174527,1756904174527,4341.4,41.0392,4341.5,501.637,4341.0,42.28,4341.6,127.0231,4340.8,0.2381,4341.7,183.6893,4340.7,1.3821,4341.8,104.3758,4340.6,56.7714,4341.9,35.1983,4340.5,0.6925,4342.0,115.253,4340.4,98.8958,4342.1,22.4809,4340.3,66.4033,4342.2,412.0679,4340.2,248.0718,4342.3,156.679,4340.1,33.9353,4342.4,478.5517,4340.0,113.0986,4342.5,28.7706,4339.9,137.2995,4342.6,171.8134,4339.8,162.7055,4342.7,49.8195,4339.7,12.3116,4342.8,146.1614,4339.6,605.6958,4342.9,47.4631,4339.5,26.0487,4343.0,66.808,4339.4,185.1428,4343.1,184.9426,4339.3,306.5858,4343.2,233.1245,4339.2,28.1951,4343.3,202.2824,4339.1,34.9761,4343.4,139.9436
1756904175.4981866,1756904175031,1756904175031,4341.4,24.8558,4341.5,543.0587,4341.0,42.28,4341.6,148.8866,4340.8,0.3815,4341.7,182.3259,4340.7,1.3821,4341.8,81.2606,4340.6,47.8065,4341.9,35.1983,4340.5,80.0215,4342.0,169.1879,4340.4,62.4214,4342.1,72.2319,4340.3,28.3643,4342.2,468.0661,4340.2,246.1348,4342.3,170.4681,4340.1,45.4557,4342.4,435.9895,4340.0,87.9656,4342.5,29.6946,4339.9,109.7326,4342.6,171.8134,4339.8,162.7055,4342.7,49.8195,4339.7,35.4667,4342.8,146.1614,4339.6,630.0298,4342.9,47.4631,4339.5,26.0487,4343.0,66.808,4339.4,196.6651,4343.1,184.9426,4339.3,307.0467,4343.2,233.1245,4339.2,28.1951,4343.3,202.2824,4339.1,34.9761,4343.4,279.067
1756904175.9537957,1756904175548,1756904175548,4341.4,24.8489,4341.5,549.297,4341.0,42.28,4341.6,171.9681,4340.8,0.3815,4341.7,182.3259,4340.7,1.3821,4341.8,81.2606,4340.6,47.8065,4341.9,35.1983,4340.5,101.167,4342.0,169.1879,4340.4,63.7848,4342.1,72.2319,4340.3,39.8808,4342.2,468.0661,4340.2,255.5863,4342.3,170.4681,4340.1,45.4557,4342.4,473.2314,4340.0,124.8941,4342.5,29.6946,4339.9,109.9226,4342.6,171.8134,4339.8,416.1176,4342.7,49.8195,4339.7,35.4667,4342.8,146.1614,4339.6,630.0298,4342.9,54.4799,4339.5,26.0487,4343.0,66.773,4339.4,196.6651,4343.1,184.9426,4339.3,307.0467,4343.2,233.1245,4339.2,28.1951,4343.3,202.2824,4339.1,34.9761,4343.4,288.4715
1756904176.5447037,1756904176088,1756904176088,4341.4,24.8489,4341.5,549.1303,4341.0,42.28,4341.6,171.9681,4340.8,0.3815,4341.7,182.3259,4340.7,0.4679,4341.8,81.2606,4340.6,47.8065,4341.9,35.1983,4340.5,45.7657,4342.0,115.253,4340.4,114.2479,4342.1,72.2319,4340.3,39.8808,4342.2,468.0661,4340.2,242.6822,4342.3,170.4681,4340.1,45.4557,4342.4,473.2314,4340.0,127.1979,4342.5,29.9256,4339.9,137.4288,4342.6,171.8134,4339.8,416.1176,4342.7,49.8195,4339.7,35.4667,4342.8,146.1614,4339.6,630.0298,4342.9,54.4799,4339.5,26.0487,4343.0,66.773,4339.4,196.6651,4343.1,184.9426,4339.3,307.0467,4343.2,233.1245,4339.2,28.1951,4343.3,202.2824,4339.1,34.7361,4343.4,479.7743
1756904177.039548,1756904176650,1756904176650,4341.4,24.8489,4341.5,555.9941,4341.0,42.28,4341.6,171.9681,4340.8,0.3815,4341.7,182.3259,4340.7,0.4679,4341.8,81.2606,4340.6,72.8856,4341.9,35.1983,4340.5,32.5652,4342.0,115.253,4340.4,114.2479,4342.1,72.2319,4340.3,28.3643,4342.2,468.0661,4340.2,267.8231,4342.3,170.4681,4340.1,45.4557,4342.4,473.2314,4340.0,124.8941,4342.5,29.9256,4339.9,137.4288,4342.6,171.8134,4339.8,416.1176,4342.7,49.8195,4339.7,35.4667,4342.8,146.1614,4339.6,630.0298,4342.9,33.0533,4339.5,26.0487,4343.0,66.773,4339.4,196.6651,4343.1,184.9426,4339.3,307.0467,4343.2,233.1245,4339.2,69.6922,4343.3,202.2824,4339.1,34.7361,4343.4,479.7743
1756904177.9030108,1756904177258,1756904177258,4341.0,44.5801,4341.5,524.1523,4340.8,0.0031,4341.6,170.6473,4340.7,0.0072,4341.7,154.1698,4340.6,37.7715,4341.8,42.0593,4340.5,0.2318,4341.9,221.1237,4340.4,0.0035,4342.0,112.853,4340.3,4.0029,4342.1,20.2459,4340.2,89.5898,4342.2,618.876,4340.0,29.3059,4342.3,104.3682,4339.9,2.0176,4342.4,77.7932,4339.8,135.4226,4342.5,22.0435,4339.7,125.1921,4342.6,109.8134,4339.6,4.0,4342.7,50.9993,4339.5,5.0688,4342.8,11.6447,4339.4,2.3081,4342.9,54.9618,4339.3,275.268,4343.0,66.6928,4339.2,75.4736,4343.1,184.9426,4339.1,162.9625,4343.2,94.0011,4339.0,166.8784,4343.3,722.5247,4338.9,181.3634,4343.4,149.3253
1756904178.2546954,1756904177788,1756904177788,4341.0,40.8335,4341.1,424.5198,4340.8,0.0031,4341.2,40.3123,4340.7,0.0072,4341.3,12.6277,4340.6,38.0065,4341.4,25.4619,4340.5,0.2318,4341.5,344.9673,4340.4,4.4841,4341.6,186.6015,4340.3,32.9045,4341.7,19.5782,4340.2,38.179,4341.8,27.3397,4340.1,10.2608,4341.9,12.6962,4340.0,55.7464,4342.0,124.3685,4339.9,84.8151,4342.1,21.1445,4339.8,61.1357,4342.2,358.338,4339.7,52.2212,4342.3,104.3682,4339.6,18.6178,4342.4,40.7823,4339.5,30.9217,4342.5,44.0856,4339.4,155.7352,4342.6,34.474,4339.3,472.4897,4342.7,49.359,4339.2,122.3177,4342.8,7.038,4339.1,162.9722,4342.9,42.9883,4339.0,177.5774,4343.0,205.9314
1756904179.535297,1756904178347,1756904178347,4341.0,41.6119,4341.1,242.9968,4340.8,0.0031,4341.2,18.8829,4340.7,0.0072,4341.3,3.9157,4340.6,38.0065,4341.4,16.926,4340.5,0.6925,4341.5,328.4265,4340.4,0.2385,4341.6,162.9835,4340.3,88.1892,4341.7,30.9844,4340.2,44.7132,4341.8,75.5152,4340.1,10.2608,4341.9,166.2276,4340.0,101.9251,4342.0,263.4919,4339.9,2.0176,4342.1,34.9336,4339.8,84.436,4342.2,362.369,4339.7,65.9322,4342.3,104.3728,4339.6,19.2657,4342.4,179.9057,4339.5,30.9806,4342.5,73.8576,4339.4,378.3099,4342.6,34.8187,4339.3,520.6409,4342.7,49.599,4339.2,213.2825,4342.8,7.038,4339.1,248.3438,4342.9,84.2117,4339.0,214.298,4343.0,205.9314
1756904179.5368636,1756904178943,1756904178943,4341.0,88.2694,4341.1,151.1966,4340.8,2.5382,4341.2,18.0387,4340.7,11.4092,4341.3,3.9157,4340.6,38.0065,4341.4,141.2912,4340.5,0.6925,4341.5,162.6085,4340.4,45.5138,4341.6,90.6932,4340.3,46.1604,4341.7,47.7485,4340.2,41.2572,4341.8,74.3011,4340.1,0.576,4341.9,27.1042,4340.0,73.1623,4342.0,124.3685,4339.9,53.8491,4342.1,21.1445,4339.8,83.6762,4342.2,370.369,4339.7,82.4325,4342.3,104.3728,4339.6,143.672,4342.4,179.9057,4339.5,30.4354,4342.5,73.8576,4339.4,303.4751,4342.6,34.8187,4339.3,486.878,4342.7,49.599,4339.2,188.9467,4342.8,7.038,4339.1,177.9659,4342.9,62.3032,4339.0,214.063,4343.0,205.9314
1756904180.006141,1756904179549,1756904179549,4341.0,76.163,4341.1,326.0199,4340.8,2.5382,4341.2,32.0407,4340.7,0.0072,4341.3,3.9157,4340.6,38.0065,4341.4,141.2912,4340.5,10.7956,4341.5,128.4345,4340.4,45.5138,4341.6,23.6688,4340.3,15.1778,4341.7,47.8637,4340.2,52.1521,4341.8,122.4523,4340.1,79.9139,4341.9,27.1042,4340.0,73.1623,4342.0,312.7578,4339.9,78.6154,4342.1,160.2679,4339.8,127.5994,4342.2,376.3891,4339.7,179.2507,4342.3,105.0658,4339.6,228.4457,4342.4,179.9057,4339.5,241.4505,4342.5,73.8576,4339.4,222.6596,4342.6,34.8187,4339.3,279.5191,4342.7,50.0595,4339.2,165.5335,4342.8,7.038,4339.1,177.9659,4342.9,62.4184,4339.0,282.3136,4343.0,723.7938
1756904180.5878236,1756904180092,1756904180092,4341.0,41.4961,4341.1,232.659,4340.8,0.2381,4341.2,76.1949,4340.7,11.4092,4341.3,100.6446,4340.6,38.0065,4341.4,175.8824,4340.5,10.7956,4341.5,94.0677,4340.4,48.9697,4341.6,31.2483,4340.3,32.4228,4341.7,47.7485,4340.2,81.9402,4341.8,124.8523,4340.1,194.8535,4341.9,27.1042,4340.0,128.9328,4342.0,312.7578,4339.9,147.5314,4342.1,160.2679,4339.8,150.6487,4342.2,362.6,4339.7,179.2507,4342.3,113.0658,4339.6,227.7978,4342.4,191.9057,4339.5,241.4505,4342.5,73.8576,4339.4,188.6231,4342.6,56.3156,4339.3,279.5191,4342.7,50.0595,4339.2,165.5335,4342.8,7.038,4339.1,177.9659,4342.9,62.4184,4339.0,282.5486,4343.0,723.7938
1756904180.999101,1756904180619,1756904180619,4341.0,44.3826,4341.1,245.6463,4340.8,0.2381,4341.2,159.3387,4340.7,0.0072,4341.3,141.7375,4340.6,38.0065,4341.4,119.7366,4340.5,7.9491,4341.5,94.0677,4340.4,45.5138,4341.6,175.6661,4340.3,28.9669,4341.7,47.7485,4340.2,90.1922,4341.8,124.8523,4340.1,141.2162,4341.9,27.1042,4340.0,206.5381,4342.0,312.7578,4339.9,59.9883,4342.1,160.2679,4339.8,150.6487,4342.2,362.6,4339.7,179.2507,4342.3,126.8549,4339.6,227.7978,4342.4,191.9057,4339.5,241.4505,4342.5,73.8576,4339.4,188.6231,4342.6,56.3156,4339.3,279.5191,4342.7,50.0595,4339.2,165.5335,4342.8,7.038,4339.1,177.9659,4342.9,266.3532,4339.0,282.5486,4343.0,723.7938
1756904181.571669,1756904181165,1756904181165,4341.0,106.8208,4341.1,257.5176,4340.8,0.2381,4341.2,123.9442,4340.7,11.4092,4341.3,217.7374,4340.6,51.7956,4341.4,143.0139,4340.5,7.9491,4341.5,89.461,4340.4,24.1887,4341.6,156.5485,4340.3,78.5231,4341.7,25.2464,4340.2,95.0577,4341.8,83.6289,4340.1,89.3859,4341.9,113.1047,4340.0,291.7735,4342.0,216.7613,4339.9,71.5093,4342.1,21.1445,4339.8,150.6487,4342.2,362.71,4339.7,82.4914,4342.3,109.548,4339.6,227.7978,4342.4,52.7823,4339.5,241.4505,4342.5,73.8576,4339.4,188.6231,4342.6,195.439,4339.3,279.5191,4342.7,50.0595,4339.2,165.5335,4342.8,7.038,4339.1,177.9659,4342.9,266.3532,4339.0,282.3136,4343.0,723.7938
1756904182.1330793,1756904181705,1756904181705,4341.0,87.0944,4341.1,60.2268,4340.8,1.2957,4341.2,72.5192,4340.7,63.233,4341.3,9.8139,4340.6,38.1905,4341.4,39.6919,4340.5,83.3094,4341.5,67.0218,4340.4,74.1,4341.6,31.8567,4340.3,155.6899,4341.7,150.8424,4340.2,157.2169,4341.8,40.0328,4340.1,225.3011,4341.9,119.2085,4340.0,137.2284,4342.0,216.5201,4339.9,55.2225,4342.1,124.8001,4339.8,278.6798,4342.2,16.018,4339.7,58.5727,4342.3,35.2194,4339.6,449.8603,4342.4,52.7823,4339.5,191.8084,4342.5,280.3763,4339.4,188.8581,4342.6,171.1431,4339.3,254.7228,4342.7,50.0595,4339.2,168.8916,4342.8,6.1394,4339.1,46.4433,4342.9,236.5276,4339.0,88.7287,4343.0,66.6928
1756904182.8423421,1756904182322,1756904182322,4341.4,94.6063,4341.5,44.0,4341.3,49.0827,4342.0,0.035,4341.2,299.5033,4342.2,0.5757,4341.1,719.003,4342.3,0.0046,4341.0,280.4854,4342.4,34.8251,4340.9,353.8372,4342.5,12.2146,4340.8,70.7237,4342.6,98.3412,4340.7,151.6859,4342.7,94.3246,4340.6,62.5618,4342.8,97.1737,4340.5,139.8159,4342.9,25.336,4340.4,61.0663,4343.0,5.4741,4340.3,48.087,4343.1,158.6089,4340.2,262.9125,4343.2,11.7535,4340.1,67.0032,4343.3,140.3995,4340.0,242.9477,4343.4,282.7775,4339.9,199.01,4343.5,185.4803,4339.8,188.9692,4343.6,61.4556,4339.7,573.0707,4343.7,3.6878,4339.6,242.5149,4343.8,0.6279,4339.5,47.6162,4343.9,36.4206
1756904183.3661196,1756904182829,1756904182829,4341.4,839.512,4341.5,44.0,4341.3,120.4901,4342.0,0.035,4341.2,391.9732,4342.3,0.0046,4341.1,440.399,4342.5,29.5024,4341.0,481.184,4342.6,83.6347,4340.9,146.0926,4342.7,6.276,4340.8,141.3403,4342.8,61.0484,4340.7,176.0134,4342.9,84.4897,4340.6,110.4225,4343.0,52.0439,4340.5,141.7067,4343.1,0.4605,4340.4,65.7097,4343.2,234.7002,4340.3,45.918,4343.3,125.3407,4340.2,262.3368,4343.4,88.3417,4340.1,14.2574,4343.5,42.3818,4340.0,181.9471,4343.6,17.7343,4339.9,186.0541,4343.7,208.0761,4339.8,188.992,4343.8,5.0932,4339.7,573.7349,4343.9,75.1872,4339.6,179.686,4344.0,73.6957,4339.5,1.3723,4344.1,232.0906
1756904184.2323537,1756904183495,1756904183495,4341.4,1249.9726,4341.5,37.0356,4341.3,192.9978,4342.3,0.0046,4341.2,87.3036,4342.5,0.1151,4341.1,64.2297,4343.0,17.1957,4341.0,411.4544,4343.1,0.0056,4340.9,152.9449,4343.2,45.8696,4340.8,159.7928,4343.3,139.2703,4340.7,162.629,4343.4,88.3051,4340.6,139.7805,4343.5,28.811,4340.5,337.7925,4343.6,48.3827,4340.4,75.6818,4343.7,12.8937,4340.3,45.918,4343.8,253.5092,4340.2,251.0713,4343.9,75.0624,4340.1,14.1422,4344.0,123.0454,4340.0,104.7581,4344.1,167.6571,4339.9,186.0541,4344.2,270.1066,4339.8,192.0838,4344.3,32.4729,4339.7,573.7349,4344.4,191.6814,4339.6,179.686,4344.5,13.3167,4339.5,1.3723,4344.6,67.4592
1756904184.4214919,1756904183934,1756904183934,4342.2,34.1064,4342.3,0.0046,4342.1,34.106,4342.5,0.1151,4342.0,38.8761,4343.0,0.035,4341.9,78.6703,4343.1,3.4593,4341.8,82.5019,4343.2,205.3773,4341.7,93.5482,4343.3,15.1032,4341.6,112.0771,4343.4,227.6104,4341.5,98.9266,4343.5,104.3117,4341.4,1394.3645,4343.6,27.6906,4341.3,158.3108,4343.7,12.4317,4341.2,197.3946,4343.8,32.5431,4341.1,88.5551,4343.9,12.086,4341.0,387.1287,4344.0,258.1537,4340.9,152.9449,4344.1,23.9257,4340.8,159.7928,4344.2,13.6101,4340.7,23.5056,4344.3,88.3868,4340.6,181.1132,4344.4,191.6814,4340.5,337.7925,4344.5,25.0857,4340.4,73.0923,4344.6,52.9771,4340.3,48.2031,4344.7,37.5137
1756904184.946898,1756904184469,1756904184469,4342.5,137.4751,4342.6,24.0989,4342.4,186.0046,4342.7,0.3272,4342.3,33.4658,4343.0,0.2802,4342.2,394.2314,4343.1,4.3679,4342.1,110.6198,4343.2,80.2641,4342.0,162.3031,4343.3,106.468,4341.9,79.8876,4343.4,19.2059,4341.8,241.5434,4343.5,37.0237,4341.7,149.3088,4343.6,86.6252,4341.6,89.8071,4343.7,36.3819,4341.5,82.5737,4343.8,20.9498,4341.4,495.0297,4343.9,12.5465,4341.3,83.4566,4344.0,11.5434,4341.2,212.2841,4344.1,222.8315,4341.1,141.1364,4344.2,16.2968,4341.0,373.6606,4344.3,183.7684,4340.9,13.8215,4344.4,191.5387,4340.8,121.147,4344.5,30.385,4340.7,27.2044,4344.6,52.7319,4340.6,171.467,4344.7,177.2534
1756904185.5717423,1756904185058,1756904185058,4342.5,341.5105,4342.6,24.0989,4342.4,49.065,4342.7,0.3272,4342.3,149.7181,4342.8,0.2374,4342.2,106.0747,4342.9,3.4539,4342.1,35.9271,4343.0,3.734,4342.0,170.7572,4343.1,16.0613,4341.9,1.6179,4343.2,76.2028,4341.8,172.2379,4343.3,106.468,4341.7,71.3742,4343.4,22.3213,4341.6,139.6623,4343.5,63.5611,4341.5,150.762,4343.6,45.4018,4341.4,387.2579,4343.7,36.8771,4341.3,80.2415,4343.8,0.4898,4341.2,161.8061,4343.9,12.5465,4341.1,104.6067,4344.0,13.9434,4341.0,331.9482,4344.1,223.0715,4340.9,13.3608,4344.2,16.2968,4340.8,124.15,4344.3,231.6084,4340.7,29.0537,4344.4,191.5387,4340.6,177.8332,4344.5,16.2006
1756904186.004173,1756904185524,1756904185524,4342.7,174.0255,4342.8,0.1151,4342.6,154.2979,4343.0,0.035,4342.5,499.8401,4343.2,32.1778,4342.4,7.2429,4343.3,0.1408,4342.3,168.3526,4343.4,37.2652,4342.2,24.1609,4343.5,12.6918,4342.1,41.6651,4343.6,22.825,4342.0,213.8357,4343.7,12.4317,4341.9,383.8843,4343.8,131.9989,4341.8,99.1006,4343.9,23.4811,4341.7,71.4331,4344.0,109.6865,4341.6,281.903,4344.1,63.3272,4341.5,169.138,4344.2,255.1081,4341.4,374.7248,4344.3,6.9057,4341.3,108.2007,4344.4,191.5487,4341.2,162.0371,4344.5,26.47,4341.1,20.5576,4344.6,369.7461,4341.0,454.8059,4344.7,37.6412,4340.9,15.5215,4344.8,140.045,4340.8,123.688,4344.9,152.8021
1756904186.5799289,1756904186129,1756904186129,4343.1,195.3053,4343.2,0.1589,4343.0,76.7549,4343.3,15.1062,4342.9,498.2329,4343.4,1.4788,4342.8,158.9611,4343.5,4.8168,4342.7,346.8424,4343.6,98.5493,4342.6,185.2923,4343.7,11.9769,4342.5,161.1232,4343.8,125.2589,4342.4,50.3699,4343.9,53.1,4342.3,160.7616,4344.0,178.865,4342.2,72.3883,4344.1,105.7255,4342.1,41.664,4344.2,188.0244,4342.0,259.9501,4344.3,6.9057,4341.9,362.4788,4344.4,141.2212,4341.8,75.0111,4344.5,26.47,4341.7,66.4131,4344.6,370.0987,4341.6,281.903,4344.7,181.0148,4341.5,46.3808,4344.8,56.1651,4341.4,255.9214,4344.9,211.7861,4341.3,101.0909,4345.0,21.9268,4341.2,163.8851,4345.1,8.2094
1756904187.1853867,1756904186623,1756904186623,4343.1,227.2741,4343.2,62.9811,4343.0,60.1994,4343.3,57.4946,4342.9,81.6551,4343.4,1.1516,4342.8,185.4796,4343.5,83.0618,4342.7,11.9862,4343.6,151.4919,4342.6,50.6359,4343.7,136.2704,4342.5,28.5352,4343.8,60.2938,4342.4,11.7486,4343.9,23.4811,4342.3,128.2444,4344.0,92.5736,4342.2,58.7467,4344.1,115.4806,4342.1,126.9002,4344.2,40.0178,4342.0,130.8739,4344.3,7.0157,4341.9,38.6746,4344.4,141.2212,4341.8,223.9249,4344.5,137.3938,4341.7,25.9143,4344.6,370.7696,4341.6,0.35,4344.7,227.245,4341.5,86.4898,4344.8,46.176,4341.4,269.2045,4344.9,222.6826,4341.3,254.7832,4345.0,23.1381,4341.2,165.9641,4345.1,15.1191
1756904187.6160188,1756904187161,1756904187161,4343.1,82.9057,4343.2,64.996,4342.9,13.7151,4343.3,57.5377,4342.8,13.7891,4343.4,83.164,4342.7,6.8747,4343.5,9.4036,4342.6,138.6328,4343.6,203.2825,4342.5,14.6524,4343.7,213.5904,4342.4,143.0426,4343.8,127.7615,4342.3,34.0942,4343.9,23.4811,4342.2,43.1764,4344.0,63.5808,4342.1,138.4153,4344.1,215.975,4342.0,149.6137,4344.2,41.6478,4341.9,101.2354,4344.3,225.659,4341.8,186.3357,4344.4,141.3312,4341.7,37.4305,4344.5,37.9788,4341.6,0.35,4344.6,209.5969,4341.5,174.3053,4344.7,227.476,4341.4,512.9462,4344.8,53.3242,4341.3,533.4906,4344.9,164.567,4341.2,166.1741,4345.0,23.3755,4341.1,68.9786,4345.1,14.6589
1756904188.1233468,1756904187689,1756904187689,4343.1,154.5725,4343.2,7.5445,4343.0,7.661,4343.3,32.9261,4342.9,9.9151,4343.4,1.2924,4342.8,15.8515,4343.5,53.1547,4342.7,6.8747,4343.6,23.2676,4342.6,130.0722,4343.7,89.2913,4342.5,38.6026,4343.8,153.3328,4342.4,120.1442,4343.9,53.8286,4342.3,30.6399,4344.0,49.8651,4342.2,218.1338,4344.1,197.5531,4342.1,41.7099,4344.2,156.5561,4342.0,184.9855,4344.3,226.029,4341.9,36.4417,4344.4,141.3312,4341.8,61.9914,4344.5,37.9788,4341.7,38.5716,4344.6,211.1137,4341.6,65.5793,4344.7,227.707,4341.5,110.593,4344.8,52.8636,4341.4,481.8172,4344.9,178.3561,4341.3,534.2098,4345.0,23.3755,4341.2,166.1741,4345.1,116.6481
1756904189.3092716,1756904188375,1756904188375,4343.1,178.189,4343.2,4.6053,4343.0,7.661,4343.3,23.8848,4342.9,63.6053,4343.4,1.2924,4342.8,56.185,4343.6,88.3803,4342.7,107.2066,4343.7,11.9713,4342.6,106.9572,4343.8,81.7843,4342.5,101.9618,4343.9,99.4412,4342.4,97.9047,4344.0,184.4557,4342.3,55.2625,4344.1,65.0011,4342.2,252.5865,4344.2,154.2532,4342.1,72.3003,4344.3,143.1739,4342.0,108.557,4344.4,2.2078,4341.9,381.112,4344.5,101.3129,4341.8,361.8421,4344.6,249.4586,4341.7,47.5316,4344.7,446.8179,4341.6,130.2137,4344.8,113.3831,4341.5,110.3724,4344.9,317.4795,4341.4,494.3613,4345.0,23.6057,4341.3,326.9454,4345.1,109.9683,4341.2,158.1741,4345.2,350.8362
1756904189.310847,1756904188783,1756904188783,4343.1,178.189,4343.2,4.5903,4343.0,22.2506,4343.3,23.8848,4342.9,63.6053,4343.4,1.2924,4342.8,56.185,4343.6,23.2645,4342.7,107.2066,4343.7,12.2985,4342.6,135.2922,4343.8,81.7843,4342.5,60.7384,4343.9,99.4412,4342.4,97.9047,4344.0,116.6229,4342.3,55.2625,4344.1,65.0011,4342.2,197.6813,4344.2,81.2412,4342.1,40.5339,4344.3,143.1739,4342.0,108.557,4344.4,2.2078,4341.9,369.3737,4344.5,101.5529,4341.8,361.8421,4344.6,249.3434,4341.7,47.5316,4344.7,434.8179,4341.6,130.2137,4344.8,113.3831,4341.5,110.3724,4344.9,317.4795,4341.4,321.7453,4345.0,23.8367,4341.3,315.1854,4345.1,109.9683,4341.2,33.8962,4345.2,350.8362
1756904189.870163,1756904189395,1756904189395,4343.1,180.952,4343.2,4.5903,4343.0,44.2646,4343.3,23.8848,4342.9,11.8078,4343.4,0.2374,4342.8,94.5238,4343.5,11.6492,4342.7,86.4856,4343.6,4.6127,4342.6,13.8127,4343.7,80.9519,4342.5,168.946,4343.8,124.7085,4342.4,89.9102,4343.9,24.0624,4342.3,25.2671,4344.0,160.4606,4342.2,176.4612,4344.1,34.109,4342.1,40.5339,4344.2,124.8557,4342.0,278.1097,4344.3,166.931,4341.9,369.3737,4344.4,2.2078,4341.8,361.8421,4344.5,89.5529,4341.7,48.0116,4344.6,237.3434,4341.6,130.2137,4344.7,388.5877,4341.5,88.3434,4344.8,106.4723,4341.4,450.9613,4344.9,178.3561,4341.3,315.1854,4345.0,23.6065,4341.2,34.3582,4345.1,109.9683
1756904190.5803094,1756904189992,1756904189992,4343.1,115.7415,4343.2,47.7786,4342.9,0.4605,4343.3,24.0687,4342.8,25.4824,4343.4,137.1091,4342.7,10.3287,4343.5,3.5942,4342.6,47.2518,4343.6,51.6994,4342.5,52.3917,4343.7,108.9708,4342.4,105.7886,4343.8,57.0855,4342.3,78.8402,4343.9,177.974,4342.2,77.3416,4344.0,80.3711,4342.1,126.2999,4344.1,64.6466,4342.0,359.2871,4344.2,376.0699,4341.9,14.4483,4344.3,18.895,4341.8,37.1819,4344.4,4.7449,4341.7,47.7716,4344.5,26.2188,4341.6,290.5463,4344.6,306.4596,4341.5,88.3434,4344.7,365.5877,4341.4,311.8379,4344.8,151.4472,4341.3,37.1786,4344.9,172.567,4341.2,34.1272,4345.0,35.6415,4341.1,21.5056,4345.1,110.1985
1756904191.0068119,1756904190494,1756904190494,4343.1,117.159,4343.2,6.8181,4343.0,3.1333,4343.3,32.5583,4342.9,4.1178,4343.4,15.3835,4342.8,25.4824,4343.5,55.3866,4342.7,58.6747,4343.6,103.4902,4342.6,120.928,4343.7,87.9289,4342.5,38.6026,4343.8,57.0855,4342.4,184.0478,4343.9,150.3561,4342.3,0.4605,4344.0,80.3711,4342.2,66.3788,4344.1,228.4492,4342.1,29.5945,4344.2,138.8231,4342.0,379.6743,4344.3,18.895,4341.9,14.4483,4344.4,4.7449,4341.8,37.1819,4344.5,233.345,4341.7,47.7716,4344.6,292.5553,4341.6,290.5463,4344.7,365.5877,4341.5,64.0203,4344.8,151.4472,4341.4,193.3963,4344.9,172.567,4341.3,37.1786,4345.0,35.6765,4341.2,168.3419,4345.1,110.1985
1756904191.7359483,1756904191031,1756904191031,4343.2,341.3259,4343.3,23.8848,4343.1,141.028,4343.4,0.2374,4343.0,32.9549,4343.5,0.1408,4342.9,67.4178,4343.6,21.088,4342.8,116.3666,4343.7,0.4604,4342.7,103.5684,4343.8,149.5284,4342.6,51.7505,4343.9,100.0161,4342.5,67.7278,4344.0,116.7887,4342.4,226.5022,4344.1,130.7734,4342.3,79.6497,4344.2,40.0178,4342.2,163.8559,4344.3,60.1184,4342.1,401.1166,4344.4,129.0234,4342.0,73.146,4344.5,233.345,4341.9,14.4483,4344.6,290.3676,4341.8,82.7281,4344.7,365.5877,4341.7,47.7716,4344.8,151.4472,4341.6,337.1411,4344.9,186.3561,4341.5,102.1326,4345.0,35.9075,4341.4,172.1749,4345.1,109.9683,4341.3,37.1786,4345.2,357.747
1756904191.8934782,1756904191607,1756904191607,4343.6,24.5091,4343.7,0.4604,4343.5,206.9089,4343.8,0.577,4343.4,282.4482,4343.9,0.0056,4343.3,151.558,4344.0,39.6611,4343.2,499.5011,4344.1,18.6719,4343.1,69.0789,4344.2,52.2122,4343.0,42.3081,4344.3,39.1673,4342.9,21.3958,4344.4,252.7753,4342.8,230.2365,4344.5,108.8649,4342.7,41.9224,4344.6,151.129,4342.6,382.2755,4344.7,35.4427,4342.5,60.2987,4344.8,189.5122,4342.4,80.527,4344.9,12.9011,4342.3,41.6839,4345.0,43.4046,4342.2,487.8117,4345.1,455.9439,4342.1,452.127,4345.2,81.7037,4342.0,69.5416,4345.3,42.4356,4341.9,62.7805,4345.4,119.1877,4341.8,157.6947,4345.5,11.3608,4341.7,42.0745,4345.6,174.0406
1756904192.624641,1756904192161,1756904192161,4343.6,403.1552,4343.7,0.4604,4343.5,163.3362,4343.8,0.2452,4343.4,241.1544,4344.0,9.7522,4343.3,96.6747,4344.1,23.039,4343.2,33.6096,4344.2,43.1765,4343.1,49.517,4344.3,54.5446,4343.0,74.3489,4344.4,85.9142,4342.9,126.2951,4344.5,88.1525,4342.8,305.1629,4344.6,102.6352,4342.7,24.6292,4344.7,196.8822,4342.6,330.6035,4344.8,145.0499,4342.5,85.4032,4344.9,13.0382,4342.4,80.16,4345.0,50.7814,4342.3,41.9239,4345.1,217.0537,4342.2,475.6117,4345.2,123.6713,4342.1,450.2131,4345.3,42.4356,4342.0,42.452,4345.4,165.6335,4341.9,54.0849,4345.5,26.8803,4341.8,37.1819,4345.6,197.4626,4341.7,30.0977,4345.7,209.7907
1756904193.3748593,1756904192753,1756904192753,4343.6,248.2102,4343.7,0.4604,4343.5,129.7255,4343.8,0.2452,4343.4,79.9286,4344.0,18.0815,4343.3,0.4604,4344.1,23.039,4343.2,74.2422,4344.2,98.7851,4343.1,61.0262,4344.3,90.2179,4343.0,244.849,4344.4,170.4347,4342.9,29.6118,4344.5,12.2091,4342.8,263.9395,4344.6,144.321,4342.7,24.6292,4344.7,111.7391,4342.6,330.6035,4344.8,145.0499,4342.5,141.5462,4344.9,13.0428,4342.4,175.9309,4345.0,81.2033,4342.3,87.8318,4345.1,217.0537,4342.2,475.6117,4345.2,260.4921,4342.1,172.4463,4345.3,42.6756,4342.0,42.452,4345.4,165.8645,4341.9,54.0849,4345.5,27.1113,4341.8,37.1819,4345.6,197.6936,4341.7,30.0977,4345.7,77.5781
1756904193.9912713,1756904193309,1756904193309,4343.6,247.0462,4343.7,0.2952,4343.5,42.0247,4343.8,0.2452,4343.4,101.9374,4344.0,13.2484,4343.3,76.424,4344.1,23.039,4343.2,32.045,4344.2,36.2657,4343.1,146.2002,4344.3,66.0535,4343.0,118.2956,4344.4,126.9385,4342.9,70.8352,4344.5,12.2091,4342.8,263.9395,4344.6,214.3796,4342.7,24.6292,4344.7,111.7391,4342.6,330.6035,4344.8,151.6594,4342.5,141.5462,4344.9,24.5505,4342.4,175.9309,4345.0,81.2033,4342.3,87.8318,4345.1,217.0537,4342.2,381.5379,4345.2,261.3907,4342.1,172.4463,4345.3,42.6756,4342.0,42.452,4345.4,304.7479,4341.9,54.0849,4345.5,27.1113,4341.8,37.1819,4345.6,197.9246,4341.7,30.0977,4345.7,77.5781
