timestamp,sequence,exchange_timestamp,bid_price_0,bid_size_0,ask_price_0,ask_size_0,bid_price_1,bid_size_1,ask_price_1,ask_size_1,bid_price_2,bid_size_2,ask_price_2,ask_size_2,bid_price_3,bid_size_3,ask_price_3,ask_size_3,bid_price_4,bid_size_4,ask_price_4,ask_size_4,bid_price_5,bid_size_5,ask_price_5,ask_size_5,bid_price_6,bid_size_6,ask_price_6,ask_size_6,bid_price_7,bid_size_7,ask_price_7,ask_size_7,bid_price_8,bid_size_8,ask_price_8,ask_size_8,bid_price_9,bid_size_9,ask_price_9,ask_size_9,bid_price_10,bid_size_10,ask_price_10,ask_size_10,bid_price_11,bid_size_11,ask_price_11,ask_size_11,bid_price_12,bid_size_12,ask_price_12,ask_size_12,bid_price_13,bid_size_13,ask_price_13,ask_size_13,bid_price_14,bid_size_14,ask_price_14,ask_size_14,bid_price_15,bid_size_15,ask_price_15,ask_size_15,bid_price_16,bid_size_16,ask_price_16,ask_size_16,bid_price_17,bid_size_17,ask_price_17,ask_size_17,bid_price_18,bid_size_18,ask_price_18,ask_size_18,bid_price_19,bid_size_19,ask_price_19,ask_size_19
1756904112.7999077,1756904112212,1756904112212,0.22851,29240.0,0.22861,2761.0,0.2285,33175.0,0.22862,3787.0,0.22849,29243.0,0.22863,167.0,0.22848,29244.0,0.22864,4597.0,0.22844,4664.0,0.22865,3786.0,0.22841,11122.0,0.22866,34982.0,0.22837,54820.0,0.22867,7634.0,0.22836,107737.0,0.22869,26352.0,0.22835,60679.0,0.22871,207121.0,0.22834,13445.0,0.22872,14913.0,0.22833,1623.0,0.22874,27152.0,0.22831,5460.0,0.22875,4860.0,0.22829,20212.0,0.22876,3791.0,0.22828,6000.0,0.22877,3791.0,0.22827,11122.0,0.22878,10505.0,0.22826,3246.0,0.2288,3781.0,0.22825,29947.0,0.22881,11602.0,0.22824,8115.0,0.22882,19622.0,0.22823,10979.0,0.22883,16220.0,0.22821,70503.0,0.22884,77382.0
1756904113.19153,1756904112569,1756904112569,0.22851,58480.0,0.22859,11122.0,0.2285,58482.0,0.22861,2761.0,0.22849,58486.0,0.22863,167.0,0.22848,58488.0,0.22864,4597.0,0.22844,4664.0,0.22865,3786.0,0.22842,35012.0,0.22866,34982.0,0.22841,11122.0,0.22867,7634.0,0.22837,54820.0,0.22869,26352.0,0.22836,72713.0,0.22871,207121.0,0.22835,50285.0,0.22872,14913.0,0.22834,13445.0,0.22874,27152.0,0.22833,3512.0,0.22875,4860.0,0.22832,3779.0,0.22876,3791.0,0.22831,5460.0,0.22877,3791.0,0.2283,3779.0,0.22878,10505.0,0.22829,20212.0,0.2288,3781.0,0.22828,6000.0,0.22881,5481.0,0.22827,11122.0,0.22882,19622.0,0.22826,3246.0,0.22883,16220.0,0.22825,217366.0,0.22884,77382.0
1756904113.4518943,1756904112971,1756904112971,0.22851,29240.0,0.22859,11122.0,0.2285,29241.0,0.22861,2761.0,0.22849,29243.0,0.22863,167.0,0.22848,29244.0,0.22864,3734.0,0.22844,4664.0,0.22866,34982.0,0.22842,35012.0,0.22867,3843.0,0.22841,11122.0,0.22868,4471.0,0.2284,7604.0,0.22869,47419.0,0.22839,1889.0,0.2287,3041.0,0.22838,3779.0,0.22871,207121.0,0.22837,54820.0,0.22872,14913.0,0.22836,76492.0,0.22874,27152.0,0.22835,54064.0,0.22875,4860.0,0.22834,13093.0,0.22876,3791.0,0.22833,18650.0,0.22877,3791.0,0.22832,6655.0,0.22878,10505.0,0.22831,5460.0,0.2288,3781.0,0.2283,3779.0,0.22881,7665.0,0.22829,20212.0,0.22882,28564.0,0.22828,3779.0,0.22883,16220.0
1756904114.04363,1756904113538,1756904113538,0.22848,4679.0,0.22859,11122.0,0.22844,23127.0,0.22861,2761.0,0.22842,35012.0,0.22863,167.0,0.2284,9493.0,0.22864,3734.0,0.22837,54820.0,0.22865,810.0,0.22836,79736.0,0.22866,35792.0,0.22835,30582.0,0.22867,860.0,0.22834,13093.0,0.22868,4471.0,0.22833,1623.0,0.22869,30418.0,0.22832,6655.0,0.2287,69754.0,0.22831,5460.0,0.22871,207121.0,0.2283,3779.0,0.22872,14913.0,0.22829,20212.0,0.22874,24003.0,0.22828,3779.0,0.22875,4860.0,0.22827,14901.0,0.22876,3791.0,0.22826,3246.0,0.22877,3791.0,0.22825,215475.0,0.22878,10505.0,0.22824,8115.0,0.2288,3781.0,0.22823,9884.0,0.22881,7665.0,0.22822,17853.0,0.22882,28564.0
1756904114.576629,1756904114117,1756904114117,0.22848,1748.0,0.22859,11122.0,0.22847,1750.0,0.22861,2761.0,0.22845,2436.0,0.22863,167.0,0.22844,6110.0,0.22864,3734.0,0.22842,35012.0,0.22865,1620.0,0.2284,5022.0,0.22866,35792.0,0.22838,11122.0,0.22867,860.0,0.22837,2189.0,0.22868,4471.0,0.22836,79736.0,0.22869,46327.0,0.22835,28831.0,0.2287,69754.0,0.22834,5401.0,0.22871,207121.0,0.22833,18650.0,0.22872,14913.0,0.22832,8405.0,0.22874,24003.0,0.22831,5460.0,0.22875,4860.0,0.2283,8477.0,0.22876,3791.0,0.22829,20212.0,0.22877,6774.0,0.22828,3779.0,0.22878,11355.0,0.22827,14901.0,0.2288,3781.0,0.22826,3246.0,0.22881,7665.0,0.22825,217222.0,0.22882,28564.0
1756904115.0139709,1756904114606,1756904114606,0.22848,1748.0,0.22859,11122.0,0.22847,1750.0,0.22861,2761.0,0.22845,2436.0,0.22863,167.0,0.22844,3763.0,0.22864,3734.0,0.22842,35012.0,0.22865,1620.0,0.22841,2931.0,0.22866,36885.0,0.2284,5022.0,0.22867,860.0,0.22838,11122.0,0.22868,4471.0,0.22836,79736.0,0.22869,50702.0,0.22835,28831.0,0.2287,69754.0,0.22834,5401.0,0.22871,207121.0,0.22833,18650.0,0.22872,14913.0,0.22832,8405.0,0.22874,24003.0,0.22831,5460.0,0.22875,4860.0,0.2283,8477.0,0.22876,3791.0,0.22829,21306.0,0.22877,6774.0,0.22828,3779.0,0.22878,11355.0,0.22827,14901.0,0.2288,3781.0,0.22826,3246.0,0.22881,7665.0,0.22825,217222.0,0.22882,28564.0
1756904115.577408,1756904115123,1756904115123,0.22844,1446.0,0.22845,25467.0,0.22841,2931.0,0.22846,50932.0,0.2284,5022.0,0.22847,76395.0,0.22836,54534.0,0.22848,76389.0,0.22835,24356.0,0.22851,2884.0,0.22834,8901.0,0.22855,1640.0,0.22833,1623.0,0.22858,55204.0,0.22832,6655.0,0.22859,11122.0,0.22831,5460.0,0.22861,9095.0,0.2283,6727.0,0.22863,167.0,0.22829,20212.0,0.22864,810.0,0.22828,3779.0,0.22865,1620.0,0.22827,14901.0,0.22866,1903.0,0.22826,13128.0,0.22867,22563.0,0.22825,237218.0,0.22868,4471.0,0.22824,8115.0,0.22869,11140.0,0.22823,9884.0,0.2287,69754.0,0.22822,3798.0,0.22871,207121.0,0.22821,70503.0,0.22872,14913.0,0.22819,13765.0,0.22874,24003.0
1756904116.1843,1756904115726,1756904115726,0.22841,2623.0,0.22842,101880.0,0.2284,5022.0,0.22843,127345.0,0.22839,1446.0,0.22844,127340.0,0.22836,50755.0,0.22845,76401.0,0.22835,20577.0,0.22851,2884.0,0.22834,9593.0,0.22858,60078.0,0.22833,1623.0,0.22859,31054.0,0.22832,6655.0,0.2286,3781.0,0.22831,5460.0,0.22861,6334.0,0.2283,6727.0,0.22862,3781.0,0.22829,20212.0,0.22863,167.0,0.22828,3779.0,0.22864,4591.0,0.22827,14901.0,0.22865,4661.0,0.22826,13128.0,0.22866,5684.0,0.22825,237218.0,0.22867,26346.0,0.22824,8115.0,0.22868,4471.0,0.22823,26919.0,0.22869,11140.0,0.22822,4893.0,0.2287,66713.0,0.22821,70503.0,0.22871,200659.0,0.22819,3790.0,0.22872,14913.0
1756904116.6551418,1756904116233,1756904116233,0.22841,2931.0,0.22851,2884.0,0.2284,1889.0,0.22858,39866.0,0.22839,1446.0,0.22859,31054.0,0.22837,11122.0,0.2286,3781.0,0.22836,50755.0,0.22861,6334.0,0.22835,20577.0,0.22862,3781.0,0.22834,13970.0,0.22863,167.0,0.22833,1623.0,0.22864,4591.0,0.22832,6655.0,0.22865,4661.0,0.22831,5460.0,0.22866,5684.0,0.2283,6727.0,0.22867,26346.0,0.22829,20212.0,0.22868,4471.0,0.22828,3779.0,0.22869,6765.0,0.22827,14901.0,0.2287,66713.0,0.22826,13128.0,0.22871,200659.0,0.22825,237218.0,0.22872,14913.0,0.22824,8115.0,0.22874,24003.0,0.22823,26919.0,0.22875,4860.0,0.22822,4893.0,0.22876,3791.0,0.22821,70503.0,0.22877,6774.0
1756904117.1954763,1756904116776,1756904116776,0.22854,29237.0,0.22858,11122.0,0.22853,29238.0,0.22861,3138.0,0.22852,29239.0,0.22862,3781.0,0.22851,29241.0,0.22863,167.0,0.22846,29247.0,0.22864,4591.0,0.22845,31679.0,0.22865,4661.0,0.22844,31568.0,0.22866,39571.0,0.22843,64265.0,0.22867,4643.0,0.22842,16526.0,0.22869,6765.0,0.22841,3497.0,0.22871,206775.0,0.2284,1889.0,0.22872,14913.0,0.22839,23176.0,0.22874,24003.0,0.22837,11122.0,0.22875,4860.0,0.22836,87322.0,0.22876,3791.0,0.22835,25070.0,0.22877,6774.0,0.22834,9784.0,0.22878,11355.0,0.22833,1623.0,0.22879,5876.0,0.22832,6655.0,0.2288,3781.0,0.22831,5460.0,0.22881,5481.0,0.2283,6727.0,0.22882,28564.0
1756904117.6640239,1756904117284,1756904117284,0.22854,87711.0,0.22858,11122.0,0.22853,87714.0,0.22861,6062.0,0.22852,87718.0,0.22863,167.0,0.22851,87722.0,0.22864,810.0,0.22848,1747.0,0.22865,10225.0,0.22847,1750.0,0.22866,810.0,0.22845,2431.0,0.22867,860.0,0.22844,2319.0,0.22868,34980.0,0.22843,35014.0,0.22869,23766.0,0.22842,5120.0,0.22871,206775.0,0.2284,1889.0,0.22872,14913.0,0.22839,26961.0,0.22874,24003.0,0.22838,3133.0,0.22875,4860.0,0.22837,14907.0,0.22876,3791.0,0.22836,92729.0,0.22877,6774.0,0.22835,19070.0,0.22878,13539.0,0.22834,9784.0,0.22879,5876.0,0.22833,18650.0,0.2288,3781.0,0.22832,6655.0,0.22881,5481.0,0.22831,5460.0,0.22882,28564.0
1756904118.5654123,1756904117921,1756904117921,0.22848,1747.0,0.22858,11122.0,0.22847,1750.0,0.22861,6062.0,0.22845,6902.0,0.22863,167.0,0.22844,2319.0,0.22864,810.0,0.22843,36907.0,0.22865,10225.0,0.22842,5120.0,0.22866,810.0,0.22841,3787.0,0.22867,860.0,0.22839,26961.0,0.22868,101693.0,0.22838,7604.0,0.22869,23766.0,0.22837,14907.0,0.22871,206775.0,0.22836,20016.0,0.22872,14913.0,0.22835,14225.0,0.22874,24003.0,0.22834,5407.0,0.22875,4860.0,0.22833,18650.0,0.22876,3791.0,0.22832,6655.0,0.22877,6774.0,0.22831,5460.0,0.22878,13539.0,0.2283,6727.0,0.2288,3781.0,0.22829,20212.0,0.22881,5481.0,0.22828,4873.0,0.22882,28564.0,0.22827,14901.0,0.22883,16220.0
1756904118.8186383,1756904118407,1756904118407,0.22847,1750.0,0.22859,11122.0,0.22845,2431.0,0.22861,7609.0,0.22844,2319.0,0.22862,3154.0,0.22843,1893.0,0.22863,167.0,0.22842,2189.0,0.22864,1620.0,0.2284,101725.0,0.22865,3523.0,0.22839,26961.0,0.22866,810.0,0.22837,14907.0,0.22867,860.0,0.22836,20016.0,0.22868,39451.0,0.22835,14225.0,0.22869,23766.0,0.22834,5407.0,0.22871,206775.0,0.22833,18650.0,0.22872,14913.0,0.22832,6655.0,0.22874,24003.0,0.22831,5460.0,0.22875,4860.0,0.2283,6727.0,0.22876,3791.0,0.22829,20212.0,0.22877,6774.0,0.22828,3779.0,0.22878,13539.0,0.22827,14901.0,0.2288,3781.0,0.22826,3246.0,0.22881,5481.0,0.22825,217223.0,0.22882,28564.0
1756904119.3678248,1756904118910,1756904118910,0.22845,2431.0,0.22859,11122.0,0.22844,5250.0,0.22861,3138.0,0.22843,1893.0,0.22863,167.0,0.22842,4471.0,0.22864,4544.0,0.22841,20212.0,0.22865,2430.0,0.2284,104858.0,0.22866,810.0,0.22839,23176.0,0.22867,860.0,0.22837,14907.0,0.22868,39451.0,0.22836,20016.0,0.22869,26807.0,0.22835,18696.0,0.22871,206775.0,0.22834,9783.0,0.22872,14913.0,0.22833,18650.0,0.22874,24003.0,0.22832,6655.0,0.22875,4860.0,0.22831,5460.0,0.22876,3791.0,0.2283,6727.0,0.22877,6774.0,0.22829,20212.0,0.22878,13539.0,0.22828,3779.0,0.2288,3781.0,0.22827,14901.0,0.22881,5481.0,0.22826,3246.0,0.22882,28564.0,0.22825,215475.0,0.22883,16220.0
1756904119.9717205,1756904119502,1756904119502,0.22847,11122.0,0.22861,3138.0,0.22846,76974.0,0.22869,26807.0,0.22845,37439.0,0.2287,1092.0,0.22844,2319.0,0.22871,206775.0,0.22843,1893.0,0.22872,14913.0,0.22842,26900.0,0.22874,24003.0,0.22841,20212.0,0.22875,34968.0,0.2284,72421.0,0.22876,4601.0,0.22839,21730.0,0.22877,6774.0,0.22837,14907.0,0.22878,10764.0,0.22836,20016.0,0.2288,3781.0,0.22835,14225.0,0.22881,3781.0,0.22834,5407.0,0.22882,11122.0,0.22833,18650.0,0.22883,7720.0,0.22832,7749.0,0.22884,8758.0,0.2283,6727.0,0.22885,15025.0,0.22829,20212.0,0.22886,68332.0,0.22828,3779.0,0.22887,3781.0,0.22827,14901.0,0.22888,6590.0,0.22826,43797.0,0.22889,16804.0
1756904120.652321,1756904120027,1756904120027,0.22849,1445.0,0.2286,15612.0,0.22848,2931.0,0.22861,3138.0,0.22847,11122.0,0.22868,34977.0,0.22846,50715.0,0.22869,26807.0,0.22845,2431.0,0.2287,4016.0,0.22844,6695.0,0.22871,206775.0,0.22843,36901.0,0.22872,14913.0,0.22842,26900.0,0.22874,24639.0,0.22841,40011.0,0.22876,4601.0,0.2284,72421.0,0.22877,7624.0,0.22839,21730.0,0.22878,10764.0,0.22837,14907.0,0.2288,3781.0,0.22836,20016.0,0.22881,3781.0,0.22835,14225.0,0.22882,11122.0,0.22834,5407.0,0.22883,7720.0,0.22833,18650.0,0.22884,8758.0,0.22832,7749.0,0.22885,15025.0,0.2283,6727.0,0.22886,68332.0,0.22829,20212.0,0.22887,3781.0,0.22828,3779.0,0.22888,6590.0
1756904121.0394754,1756904120591,1756904120591,0.22849,1445.0,0.2286,15612.0,0.22848,2931.0,0.22861,3138.0,0.22847,4994.0,0.22868,34977.0,0.22846,70179.0,0.22869,9806.0,0.22845,4053.0,0.2287,2924.0,0.22844,6695.0,0.22871,206775.0,0.22843,36901.0,0.22872,14913.0,0.22842,22429.0,0.22874,24639.0,0.22841,40011.0,0.22876,4601.0,0.2284,72421.0,0.22877,7624.0,0.22839,21730.0,0.22878,10764.0,0.22837,14907.0,0.2288,3781.0,0.22836,20016.0,0.22881,3781.0,0.22835,14225.0,0.22882,11122.0,0.22834,5407.0,0.22883,7720.0,0.22833,1623.0,0.22884,8758.0,0.22832,7749.0,0.22885,15025.0,0.2283,6727.0,0.22886,68332.0,0.22829,20212.0,0.22887,3781.0,0.22828,3779.0,0.22888,7440.0
1756904121.5707748,1756904121074,1756904121074,0.22849,1445.0,0.2286,15612.0,0.22848,2931.0,0.22861,3138.0,0.22847,8238.0,0.22865,2924.0,0.22846,70179.0,0.22867,1092.0,0.22845,4053.0,0.22868,34977.0,0.22844,6695.0,0.22869,26807.0,0.22843,36901.0,0.22871,206775.0,0.22842,22429.0,0.22872,14913.0,0.22841,40011.0,0.22874,24639.0,0.2284,72421.0,0.22876,4601.0,0.22839,21730.0,0.22877,7624.0,0.22837,14907.0,0.22878,10764.0,0.22836,20016.0,0.2288,3781.0,0.22835,14225.0,0.22881,3781.0,0.22834,5407.0,0.22882,11122.0,0.22833,18650.0,0.22883,7720.0,0.22832,7749.0,0.22884,8758.0,0.2283,6727.0,0.22885,15025.0,0.22829,21916.0,0.22886,68332.0,0.22828,3779.0,0.22887,3781.0
1756904122.0761867,1756904121626,1756904121626,0.22849,1445.0,0.2286,15612.0,0.22848,2931.0,0.22861,3138.0,0.22847,8238.0,0.22865,3734.0,0.22846,24830.0,0.22867,1092.0,0.22845,4053.0,0.22868,34977.0,0.22844,4376.0,0.22869,26807.0,0.22843,36901.0,0.22871,206775.0,0.22841,40011.0,0.22872,14913.0,0.2284,72421.0,0.22874,24639.0,0.22839,21730.0,0.22876,4601.0,0.22837,14907.0,0.22877,7624.0,0.22836,20016.0,0.22878,10764.0,0.22835,14225.0,0.2288,3781.0,0.22834,5407.0,0.22881,3781.0,0.22833,18650.0,0.22882,11122.0,0.22832,7749.0,0.22883,7720.0,0.2283,6727.0,0.22884,8758.0,0.22829,21916.0,0.22885,15025.0,0.22828,5419.0,0.22886,68332.0,0.22827,14901.0,0.22887,3781.0
1756904122.6180744,1756904122148,1756904122148,0.2285,2188.0,0.2286,15612.0,0.22849,1445.0,0.22861,3138.0,0.22847,8238.0,0.22865,3734.0,0.22846,21697.0,0.22867,1092.0,0.22845,4053.0,0.22868,34977.0,0.22844,4376.0,0.22869,26807.0,0.22843,36901.0,0.22871,206775.0,0.22841,40011.0,0.22872,14913.0,0.2284,72421.0,0.22874,24639.0,0.22839,21730.0,0.22876,4601.0,0.22837,14907.0,0.22877,7624.0,0.22836,20016.0,0.22878,10764.0,0.22835,14225.0,0.2288,3781.0,0.22834,5407.0,0.22881,3781.0,0.22833,18650.0,0.22882,11122.0,0.22832,7749.0,0.22883,7720.0,0.2283,6727.0,0.22884,7139.0,0.22829,21916.0,0.22885,15025.0,0.22828,5419.0,0.22886,68332.0,0.22827,14901.0,0.22887,3781.0
1756904123.3594997,1756904122653,1756904122653,0.22851,16972.0,0.22861,3138.0,0.2285,2188.0,0.22864,810.0,0.22849,1445.0,0.22865,4544.0,0.22847,19360.0,0.22867,1092.0,0.22846,26168.0,0.22868,34977.0,0.22845,4053.0,0.22869,26807.0,0.22844,4376.0,0.2287,4471.0,0.22843,36901.0,0.22871,206775.0,0.22841,40011.0,0.22872,14913.0,0.2284,72421.0,0.22874,24639.0,0.22839,21730.0,0.22876,4601.0,0.22838,3133.0,0.22877,7624.0,0.22837,14907.0,0.22878,10764.0,0.22836,20016.0,0.2288,3781.0,0.22835,14225.0,0.22881,3781.0,0.22834,5407.0,0.22882,11122.0,0.22833,18650.0,0.22883,7720.0,0.22832,6655.0,0.22884,7139.0,0.2283,6727.0,0.22885,15025.0,0.22829,21916.0,0.22886,68332.0
1756904123.7350516,1756904123203,1756904123203,0.2285,2188.0,0.2286,17990.0,0.22849,1445.0,0.22861,3138.0,0.22847,57299.0,0.22865,2924.0,0.22846,28185.0,0.22867,1092.0,0.22845,5675.0,0.22868,34977.0,0.22844,5998.0,0.22869,26807.0,0.22843,36901.0,0.2287,4471.0,0.22841,20212.0,0.22871,206775.0,0.2284,72421.0,0.22872,14913.0,0.22839,25516.0,0.22874,25449.0,0.22838,3133.0,0.22876,4601.0,0.22837,14907.0,0.22877,7624.0,0.22836,20016.0,0.22878,10764.0,0.22835,14225.0,0.2288,3781.0,0.22834,5407.0,0.22881,3781.0,0.22833,18650.0,0.22882,11122.0,0.22832,6655.0,0.22883,7720.0,0.2283,8477.0,0.22884,7139.0,0.22829,21916.0,0.22885,15025.0,0.22828,6239.0,0.22886,68332.0
1756904124.2861757,1756904123786,1756904123786,0.2285,2188.0,0.2286,17990.0,0.22849,1445.0,0.22861,3138.0,0.22847,57299.0,0.22865,2924.0,0.22846,31429.0,0.22867,1092.0,0.22845,5675.0,0.22868,34977.0,0.22844,5998.0,0.22869,9806.0,0.22843,1893.0,0.2287,4471.0,0.22841,20212.0,0.22871,206775.0,0.2284,72421.0,0.22872,14913.0,0.22839,25516.0,0.22874,25449.0,0.22838,3133.0,0.22876,4601.0,0.22837,14907.0,0.22877,6774.0,0.22836,20016.0,0.22878,10764.0,0.22835,15319.0,0.2288,3781.0,0.22834,5407.0,0.22881,3781.0,0.22833,1623.0,0.22882,11122.0,0.22832,6655.0,0.22883,7720.0,0.2283,8477.0,0.22884,7139.0,0.22829,23620.0,0.22885,15025.0,0.22828,6239.0,0.22886,68332.0
1756904124.7683387,1756904124352,1756904124352,0.22863,58452.0,0.22869,2974.0,0.22862,58454.0,0.22871,2851.0,0.22861,58456.0,0.22874,810.0,0.2286,58460.0,0.22875,810.0,0.22857,11122.0,0.22876,3791.0,0.22856,66713.0,0.22877,3791.0,0.22855,4861.0,0.22878,3791.0,0.22854,20212.0,0.2288,3781.0,0.2285,11372.0,0.22881,10112.0,0.22849,21720.0,0.22882,11122.0,0.22847,52618.0,0.22883,3781.0,0.22846,39410.0,0.22884,63778.0,0.22845,5675.0,0.22885,10168.0,0.22844,11262.0,0.22886,1619.0,0.22843,1893.0,0.22887,3781.0,0.22841,20212.0,0.22888,4083.0,0.2284,72421.0,0.22889,3781.0,0.22839,3786.0,0.22891,23993.0,0.22837,14907.0,0.22892,5480.0,0.22836,15150.0,0.22893,11199.0
1756904125.281593,1756904124846,1756904124846,0.22868,11122.0,0.22871,1531.0,0.22865,2328.0,0.22881,4631.0,0.22864,54309.0,0.22883,6822.0,0.22863,87678.0,0.22885,3781.0,0.22862,87681.0,0.22886,34950.0,0.22861,87684.0,0.22887,3781.0,0.2286,87690.0,0.22888,850.0,0.22857,12871.0,0.22889,3781.0,0.22856,71368.0,0.22891,29910.0,0.22855,4861.0,0.22892,3781.0,0.22854,20212.0,0.22894,7455.0,0.22851,62568.0,0.22895,3781.0,0.2285,3495.0,0.22896,8942.0,0.22849,9049.0,0.22897,20611.0,0.22848,5639.0,0.22898,6716.0,0.22847,21395.0,0.22899,200792.0,0.22846,39410.0,0.22901,41233.0,0.22845,10998.0,0.22902,9779.0,0.22844,1622.0,0.22903,10739.0,0.22843,3785.0,0.22904,25694.0
1756904125.857167,1756904125491,1756904125491,0.22874,146065.0,0.22881,2891.0,0.22873,146074.0,0.22882,2993.0,0.22872,146080.0,0.22883,3041.0,0.22871,146085.0,0.22886,40231.0,0.22869,11122.0,0.22887,1092.0,0.22868,20212.0,0.22888,37243.0,0.22866,16262.0,0.22889,6755.0,0.22865,39906.0,0.22891,33190.0,0.22864,3632.0,0.22892,3781.0,0.22863,2942.0,0.22894,7455.0,0.22859,3154.0,0.22895,3781.0,0.22858,4471.0,0.22896,8942.0,0.22857,14763.0,0.22897,17822.0,0.22856,91407.0,0.22898,6716.0,0.22855,4157.0,0.22899,202974.0,0.22854,25090.0,0.22901,41233.0,0.22853,3789.0,0.22902,9779.0,0.22851,60676.0,0.22903,10739.0,0.2285,3495.0,0.22904,27312.0,0.22849,200785.0,0.22905,3790.0
1756904126.747453,1756904125998,1756904125998,0.22868,1747.0,0.22879,3154.0,0.22867,1748.0,0.2288,23840.0,0.22865,4926.0,0.22881,2891.0,0.22864,38613.0,0.22885,11122.0,0.22863,1894.0,0.22886,6091.0,0.22862,3789.0,0.22887,1092.0,0.2286,3789.0,0.22888,36393.0,0.22859,3154.0,0.22889,23741.0,0.22858,3789.0,0.2289,20212.0,0.22857,11122.0,0.22891,34659.0,0.22856,86143.0,0.22892,3781.0,0.22855,1621.0,0.22894,5837.0,0.22854,46806.0,0.22895,3781.0,0.22853,20802.0,0.22897,14904.0,0.22851,60676.0,0.22898,6716.0,0.2285,3495.0,0.22899,207345.0,0.22849,200785.0,0.22901,41233.0,0.22848,5639.0,0.22902,9779.0,0.22847,25121.0,0.22903,10739.0,0.22846,29196.0,0.22904,27312.0
1756904128.9387283,1756904127231,1756904127231,0.22866,2502.0,0.22867,50882.0,0.22864,1445.0,0.22868,120682.0,0.22857,77835.0,0.22871,2639.0,0.22856,14197.0,0.22875,14276.0,0.22855,44055.0,0.22878,32804.0,0.22854,25745.0,0.22881,8831.0,0.22853,3789.0,0.22885,12742.0,0.22851,3785.0,0.22886,23305.0,0.2285,2876.0,0.22888,1445.0,0.22849,200785.0,0.22889,3781.0,0.22848,5639.0,0.2289,111794.0,0.22847,24301.0,0.22891,12978.0,0.22846,39121.0,0.22892,3781.0,0.22845,8122.0,0.22894,4219.0,0.22844,1622.0,0.22895,3781.0,0.22843,3785.0,0.22897,21495.0,0.22841,38346.0,0.22898,6716.0,0.2284,66713.0,0.22899,200792.0,0.22839,3786.0,0.229,8942.0,0.22838,2523.0,0.22901,41233.0
1756904129.062487,1756904127805,1756904127805,0.22866,2502.0,0.22867,203528.0,0.22856,9726.0,0.22868,273322.0,0.22855,44055.0,0.22871,2639.0,0.22854,5533.0,0.22872,4471.0,0.22853,3789.0,0.22875,14276.0,0.22851,3785.0,0.22878,32804.0,0.2285,2876.0,0.2288,43223.0,0.22849,200785.0,0.22881,9732.0,0.22848,25424.0,0.22883,3791.0,0.22847,24301.0,0.22885,16533.0,0.22846,39121.0,0.22886,23305.0,0.22845,8122.0,0.22887,3791.0,0.22844,1622.0,0.22888,1445.0,0.22843,3785.0,0.22889,8131.0,0.22842,8942.0,0.2289,45081.0,0.22841,27881.0,0.22891,6764.0,0.2284,66713.0,0.22892,3781.0,0.22839,3786.0,0.22894,4219.0,0.22838,2523.0,0.22895,3781.0,0.22837,18250.0,0.22897,21495.0
1756904129.478411,1756904128003,1756904128003,0.22866,2502.0,0.22867,245354.0,0.22856,9726.0,0.22868,298762.0,0.22855,9062.0,0.22871,2639.0,0.22854,1748.0,0.22872,4471.0,0.22852,34999.0,0.22874,34967.0,0.22849,203939.0,0.22875,14276.0,0.22848,25424.0,0.22878,41628.0,0.22847,24301.0,0.2288,8262.0,0.22846,39121.0,0.22881,9732.0,0.22845,7029.0,0.22882,1092.0,0.22844,1622.0,0.22883,3791.0,0.22843,3785.0,0.22885,16533.0,0.22842,8942.0,0.22886,23305.0,0.22841,27881.0,0.22887,3791.0,0.2284,66713.0,0.22888,1445.0,0.22839,3786.0,0.22889,8131.0,0.22838,2523.0,0.2289,45081.0,0.22837,18250.0,0.22891,6764.0,0.22836,8651.0,0.22892,3781.0,0.22835,11055.0,0.22893,2183.0
1756904129.4800036,1756904128216,1756904128216,0.22866,2502.0,0.22867,219913.0,0.22856,6484.0,0.22868,254400.0,0.22855,7441.0,0.22871,2639.0,0.22854,1748.0,0.22874,34967.0,0.22852,34999.0,0.22875,14276.0,0.22849,203939.0,0.22878,41628.0,0.22848,28366.0,0.22879,4417.0,0.22847,21395.0,0.2288,8262.0,0.22846,39121.0,0.22881,9732.0,0.22845,7029.0,0.22882,1092.0,0.22844,1622.0,0.22883,3791.0,0.22843,3785.0,0.22885,16533.0,0.22841,27881.0,0.22886,23305.0,0.2284,66713.0,0.22887,3791.0,0.22839,3786.0,0.22888,1445.0,0.22838,24920.0,0.22889,8131.0,0.22837,18250.0,0.2289,45081.0,0.22836,8651.0,0.22891,6764.0,0.22835,9433.0,0.22892,3781.0,0.22834,3785.0,0.22893,2183.0
1756904129.789822,1756904129085,1756904129085,0.22855,6727.0,0.22871,2639.0,0.22854,1748.0,0.22874,34967.0,0.2285,34999.0,0.22875,14276.0,0.22849,203939.0,0.22878,11010.0,0.22848,22727.0,0.22879,21410.0,0.22847,25866.0,0.2288,8262.0,0.22846,39121.0,0.22881,9732.0,0.22845,5407.0,0.22883,8078.0,0.22844,3519.0,0.22885,16533.0,0.22843,4879.0,0.22886,23305.0,0.22841,27881.0,0.22887,3791.0,0.2284,66713.0,0.22888,1445.0,0.22839,3786.0,0.22889,12503.0,0.22838,25740.0,0.2289,48031.0,0.22837,19070.0,0.22891,6764.0,0.22836,8651.0,0.22892,3781.0,0.22835,10582.0,0.22893,2183.0,0.22834,3785.0,0.22894,5837.0,0.22833,13037.0,0.22895,8635.0,0.22832,29837.0,0.22897,21495.0
1756904130.032722,1756904129288,1756904129288,0.22855,4275.0,0.22871,2639.0,0.22854,1748.0,0.22874,39438.0,0.2285,34999.0,0.22875,14276.0,0.22849,200154.0,0.22877,20212.0,0.22848,22727.0,0.22878,8017.0,0.22847,25866.0,0.22879,21410.0,0.22846,35663.0,0.2288,8262.0,0.22845,5407.0,0.22881,9732.0,0.22844,3519.0,0.22883,3791.0,0.22843,4879.0,0.22885,16533.0,0.22841,27881.0,0.22886,23305.0,0.2284,66713.0,0.22887,3791.0,0.22839,3786.0,0.22888,1445.0,0.22838,26560.0,0.22889,79216.0,0.22837,19070.0,0.2289,48031.0,0.22836,8651.0,0.22891,6764.0,0.22835,10582.0,0.22892,3781.0,0.22834,3785.0,0.22893,2183.0,0.22833,13037.0,0.22894,27240.0,0.22832,29837.0,0.22895,8635.0
1756904130.442429,1756904129832,1756904129832,0.22846,1622.0,0.2286,1337.0,0.22845,3855.0,0.22861,3133.0,0.22844,3244.0,0.22862,4471.0,0.22841,3785.0,0.22863,106440.0,0.22839,3786.0,0.22864,82564.0,0.22838,3454.0,0.22865,115464.0,0.22837,40511.0,0.22866,128064.0,0.22836,13610.0,0.22867,23811.0,0.22835,7535.0,0.22868,71430.0,0.22834,3785.0,0.22869,3154.0,0.22833,1623.0,0.2287,13158.0,0.22832,6685.0,0.22871,16332.0,0.2283,3779.0,0.22874,71184.0,0.22829,25369.0,0.22875,11122.0,0.22828,7187.0,0.22876,2976.0,0.22827,18309.0,0.22877,20212.0,0.22826,9816.0,0.22878,2186.0,0.22825,7032.0,0.22879,1092.0,0.22824,1623.0,0.2288,3791.0,0.22823,3790.0,0.22881,3792.0
1756904130.8027544,1756904130334,1756904130334,0.22845,3855.0,0.22851,1380.0,0.22838,3454.0,0.22852,47658.0,0.22837,36970.0,0.22853,23828.0,0.22836,9825.0,0.22854,23827.0,0.22835,10477.0,0.22855,23826.0,0.22834,3785.0,0.22859,38828.0,0.22833,1623.0,0.2286,1337.0,0.22832,9839.0,0.22861,3133.0,0.22831,4471.0,0.22862,4471.0,0.2283,3779.0,0.22863,83717.0,0.22829,25369.0,0.22864,58750.0,0.22828,7187.0,0.22865,91651.0,0.22827,21717.0,0.22866,71436.0,0.22826,9816.0,0.22867,28682.0,0.22825,7032.0,0.22868,71430.0,0.22824,4394.0,0.22869,17001.0,0.22823,3790.0,0.2287,16179.0,0.22822,6280.0,0.22871,16332.0,0.22821,74875.0,0.22874,271926.0,0.2282,196950.0,0.22875,11122.0
1756904131.2741075,1756904130858,1756904130858,0.22838,70167.0,0.22842,47682.0,0.22837,38867.0,0.22843,47680.0,0.22836,4866.0,0.22844,47678.0,0.22835,13161.0,0.22845,47676.0,0.22834,3785.0,0.22846,71508.0,0.22833,1623.0,0.22851,2769.0,0.22832,9839.0,0.22852,47658.0,0.22831,4471.0,0.22853,23828.0,0.2283,3779.0,0.22854,23827.0,0.22829,25369.0,0.22855,23826.0,0.22828,7187.0,0.22858,34992.0,0.22827,21717.0,0.22859,8993.0,0.22826,9689.0,0.2286,6000.0,0.22825,7032.0,0.22861,6315.0,0.22824,4394.0,0.22862,10302.0,0.22823,20825.0,0.22863,1093.0,0.22822,1095.0,0.22864,14917.0,0.22821,74875.0,0.22865,20212.0,0.2282,196950.0,0.22867,584.0,0.22819,5495.0,0.22868,3795.0
1756904131.8998666,1756904131415,1756904131415,0.22839,2189.0,0.22842,47682.0,0.22838,85589.0,0.22843,47680.0,0.22837,38867.0,0.22844,47678.0,0.22836,6488.0,0.22845,47676.0,0.22835,15858.0,0.22851,2769.0,0.22833,1623.0,0.22855,3798.0,0.22832,11324.0,0.22858,38787.0,0.22831,6219.0,0.22859,2993.0,0.2283,5528.0,0.2286,3795.0,0.22829,23620.0,0.22861,6315.0,0.22828,7187.0,0.22862,14097.0,0.22827,21717.0,0.22863,1093.0,0.22826,9689.0,0.22864,14917.0,0.22825,7032.0,0.22865,20212.0,0.22824,4394.0,0.22866,3795.0,0.22823,20825.0,0.22867,584.0,0.22822,1095.0,0.22868,3795.0,0.22821,74875.0,0.22869,17001.0,0.2282,196950.0,0.2287,17046.0,0.22819,5495.0,0.22871,13117.0
1756904132.4395545,1756904131979,1756904131979,0.22839,2189.0,0.2285,1455.0,0.22838,101182.0,0.22851,2769.0,0.22837,38867.0,0.22856,820.0,0.22836,10785.0,0.22858,38787.0,0.22835,15858.0,0.22859,2993.0,0.22833,1623.0,0.2286,3795.0,0.22832,13418.0,0.22861,6315.0,0.22831,4471.0,0.22862,14097.0,0.2283,3779.0,0.22863,1093.0,0.22829,23620.0,0.22864,14917.0,0.22828,7187.0,0.22865,20212.0,0.22827,21717.0,0.22866,3795.0,0.22826,9689.0,0.22867,584.0,0.22825,7032.0,0.22868,3795.0,0.22824,4394.0,0.22869,21374.0,0.22823,20825.0,0.2287,17046.0,0.22822,1095.0,0.22872,3795.0,0.22821,74875.0,0.22874,205213.0,0.2282,196950.0,0.22875,11122.0,0.22819,5495.0,0.22876,9903.0
1756904132.9704003,1756904132553,1756904132553,0.22839,5077.0,0.2285,1455.0,0.22838,96711.0,0.22851,2769.0,0.22837,38867.0,0.22857,6000.0,0.22836,17273.0,0.22858,38787.0,0.22835,19012.0,0.22859,2993.0,0.22834,1622.0,0.2286,9795.0,0.22833,3374.0,0.22861,12315.0,0.22832,11667.0,0.22862,14097.0,0.22831,4471.0,0.22863,7093.0,0.2283,3779.0,0.22864,14917.0,0.22829,23620.0,0.22865,20212.0,0.22828,7187.0,0.22866,3795.0,0.22827,21717.0,0.22867,584.0,0.22826,9689.0,0.22868,3795.0,0.22825,7032.0,0.22869,17001.0,0.22824,4394.0,0.2287,17046.0,0.22823,20825.0,0.22872,3795.0,0.22822,1095.0,0.22874,205213.0,0.22821,70503.0,0.22875,11122.0,0.2282,196950.0,0.22876,9903.0
1756904133.6123848,1756904133113,1756904133113,0.22839,5077.0,0.2285,1455.0,0.22838,96711.0,0.22851,1380.0,0.22837,38867.0,0.22857,6000.0,0.22836,17273.0,0.22858,38787.0,0.22835,17950.0,0.22859,2993.0,0.22834,1622.0,0.2286,9795.0,0.22833,6871.0,0.22861,12315.0,0.22832,8170.0,0.22862,14097.0,0.22831,4471.0,0.22863,7093.0,0.2283,3779.0,0.22864,14917.0,0.22829,23620.0,0.22865,21022.0,0.22828,7187.0,0.22866,3795.0,0.22827,22537.0,0.22867,584.0,0.22826,9689.0,0.22868,3795.0,0.22825,7032.0,0.22869,17001.0,0.22824,4394.0,0.2287,17046.0,0.22823,20825.0,0.22872,3795.0,0.22822,1095.0,0.22874,205213.0,0.22821,70503.0,0.22875,11122.0,0.2282,196950.0,0.22876,9903.0
1756904134.1031888,1756904133636,1756904133636,0.22839,5077.0,0.2285,1455.0,0.22838,79538.0,0.22851,1380.0,0.22837,38867.0,0.22856,3154.0,0.22836,17273.0,0.22857,6000.0,0.22835,17950.0,0.22858,38787.0,0.22834,1622.0,0.22859,2993.0,0.22833,6871.0,0.2286,9795.0,0.22832,8170.0,0.22861,12315.0,0.22831,4471.0,0.22862,20097.0,0.2283,3779.0,0.22863,7093.0,0.22829,23620.0,0.22864,14917.0,0.22828,7187.0,0.22865,21022.0,0.22827,24177.0,0.22866,3795.0,0.22826,9689.0,0.22867,584.0,0.22825,7032.0,0.22868,3795.0,0.22824,4394.0,0.22869,17001.0,0.22823,20825.0,0.2287,17046.0,0.22822,1095.0,0.22872,3795.0,0.22821,70503.0,0.22874,205213.0,0.2282,196950.0,0.22875,11122.0
1756904134.6754959,1756904134194,1756904134194,0.22839,5077.0,0.2285,1455.0,0.22838,79538.0,0.22851,1380.0,0.22837,38867.0,0.22857,6000.0,0.22836,17273.0,0.22858,38787.0,0.22835,17950.0,0.22859,8993.0,0.22834,5999.0,0.2286,9795.0,0.22833,6871.0,0.22861,12315.0,0.22832,8170.0,0.22862,20097.0,0.22831,4471.0,0.22863,7093.0,0.2283,3779.0,0.22864,14917.0,0.22829,23620.0,0.22865,21022.0,0.22828,7187.0,0.22866,3795.0,0.22827,24177.0,0.22867,584.0,0.22826,9689.0,0.22868,3795.0,0.22825,7032.0,0.22869,17001.0,0.22824,4394.0,0.2287,17046.0,0.22823,20825.0,0.22872,3795.0,0.22821,70503.0,0.22874,205213.0,0.2282,196950.0,0.22875,11122.0,0.22819,5495.0,0.22876,9903.0
1756904135.1927133,1756904134722,1756904134722,0.22839,5077.0,0.2285,2931.0,0.22838,79538.0,0.22857,6000.0,0.22837,38867.0,0.22858,38787.0,0.22836,21281.0,0.22859,8993.0,0.22835,17029.0,0.2286,9795.0,0.22834,7750.0,0.22861,12315.0,0.22833,3372.0,0.22862,20097.0,0.22832,8170.0,0.22863,7093.0,0.22831,4471.0,0.22864,14917.0,0.2283,3779.0,0.22865,21832.0,0.22829,23620.0,0.22866,3795.0,0.22828,8827.0,0.22867,584.0,0.22827,24177.0,0.22868,3795.0,0.22826,9689.0,0.22869,17001.0,0.22825,8126.0,0.2287,17046.0,0.22824,4394.0,0.22872,3795.0,0.22823,20825.0,0.22874,205213.0,0.22821,70503.0,0.22875,11122.0,0.2282,196950.0,0.22876,9903.0,0.22819,5495.0,0.22877,24027.0
1756904135.736761,1756904135286,1756904135286,0.22839,5077.0,0.2285,2931.0,0.22838,79538.0,0.22857,6000.0,0.22837,38867.0,0.22858,38787.0,0.22836,21281.0,0.22859,8993.0,0.22835,17029.0,0.2286,9795.0,0.22834,9499.0,0.22861,12315.0,0.22833,1623.0,0.22862,20097.0,0.22832,8170.0,0.22863,7093.0,0.22831,4471.0,0.22864,14917.0,0.2283,3779.0,0.22865,21832.0,0.22829,23620.0,0.22866,3795.0,0.22828,8827.0,0.22867,584.0,0.22827,24177.0,0.22868,3795.0,0.22826,9689.0,0.22869,17001.0,0.22825,8126.0,0.2287,17046.0,0.22824,4394.0,0.22872,3795.0,0.22823,20825.0,0.22874,205213.0,0.22821,70503.0,0.22875,11122.0,0.2282,196950.0,0.22876,9903.0,0.22819,7200.0,0.22877,24027.0
1756904136.1843538,1756904135781,1756904135781,0.22825,3246.0,0.22836,47696.0,0.22824,1623.0,0.22837,47694.0,0.22819,1705.0,0.22838,47692.0,0.22817,60761.0,0.22839,47690.0,0.22816,14370.0,0.2284,35023.0,0.22815,18354.0,0.22841,5992.0,0.22813,5580.0,0.22845,820.0,0.22811,3790.0,0.22848,11122.0,0.22809,3790.0,0.22849,68928.0,0.22807,3784.0,0.22853,8279.0,0.22806,32596.0,0.22855,5610.0,0.22804,90709.0,0.22856,7571.0,0.22802,5575.0,0.22857,6000.0,0.228,3781.0,0.22858,38501.0,0.22798,20841.0,0.22859,72713.0,0.22796,7239.0,0.2286,9795.0,0.22795,36828.0,0.22861,6000.0,0.22794,9138.0,0.22862,14266.0,0.22793,4902.0,0.22863,7620.0,0.22792,5573.0,0.22864,20463.0
1756904136.783575,1756904136332,1756904136332,0.22825,3246.0,0.2283,2764.0,0.22824,1623.0,0.22834,11122.0,0.22822,4846.0,0.22835,6000.0,0.22819,1705.0,0.22836,47696.0,0.22818,3154.0,0.22837,47694.0,0.22817,60761.0,0.22838,47692.0,0.22816,20285.0,0.22839,47690.0,0.22815,18354.0,0.2284,38016.0,0.22813,5580.0,0.22841,9059.0,0.22811,3790.0,0.22843,1094.0,0.22809,6561.0,0.22845,22544.0,0.22807,3784.0,0.22846,3808.0,0.22806,35502.0,0.22847,2931.0,0.22805,22857.0,0.22848,14930.0,0.22804,90709.0,0.22849,59197.0,0.22803,17050.0,0.2285,3808.0,0.22802,14517.0,0.22853,15730.0,0.22801,196979.0,0.22855,12439.0,0.228,3781.0,0.22856,3808.0,0.22798,23847.0,0.22858,36878.0
1756904137.2376888,1756904136834,1756904136834,0.22825,1623.0,0.2283,2764.0,0.22824,1623.0,0.22833,6000.0,0.22822,4846.0,0.22834,11122.0,0.22819,1705.0,0.22835,6000.0,0.22818,3154.0,0.2284,38016.0,0.22817,60761.0,0.22841,9059.0,0.22816,22517.0,0.22842,3808.0,0.22815,18354.0,0.22843,1094.0,0.22813,5580.0,0.22844,3808.0,0.22811,3790.0,0.22845,23364.0,0.22809,6561.0,0.22846,4628.0,0.22807,3784.0,0.22847,2931.0,0.22806,35502.0,0.22848,14930.0,0.22805,22857.0,0.22849,59197.0,0.22804,90709.0,0.2285,3808.0,0.22803,17050.0,0.22853,15730.0,0.22802,14517.0,0.22855,12439.0,0.22801,196979.0,0.22856,3808.0,0.228,3781.0,0.22858,32501.0,0.22798,23847.0,0.22859,66713.0
1756904137.7614362,1756904137338,1756904137338,0.22825,1623.0,0.2283,2764.0,0.22824,1623.0,0.22832,3635.0,0.22822,4846.0,0.22834,11122.0,0.22819,1705.0,0.22839,6000.0,0.22818,8418.0,0.2284,38016.0,0.22817,60761.0,0.22841,9059.0,0.22816,29013.0,0.22842,3808.0,0.22815,19978.0,0.22843,1094.0,0.22814,4381.0,0.22844,9808.0,0.22813,5580.0,0.22845,23364.0,0.22811,3790.0,0.22846,5448.0,0.2281,3500.0,0.22847,2931.0,0.22809,6561.0,0.22848,14930.0,0.22807,3784.0,0.22849,46067.0,0.22806,35502.0,0.2285,3808.0,0.22805,22857.0,0.22853,15730.0,0.22804,90709.0,0.22855,12439.0,0.22803,17050.0,0.22856,3808.0,0.22802,14517.0,0.22857,860.0,0.22801,196979.0,0.22858,32501.0
1756904138.4548728,1756904137941,1756904137941,0.22825,1623.0,0.2283,2764.0,0.22824,1623.0,0.22832,3635.0,0.22822,4846.0,0.22834,11122.0,0.22819,1705.0,0.22839,6000.0,0.22818,8418.0,0.2284,38016.0,0.22817,60761.0,0.22841,9059.0,0.22816,30637.0,0.22842,3808.0,0.22815,17521.0,0.22844,9808.0,0.22814,4381.0,0.22845,23364.0,0.22813,5580.0,0.22846,5448.0,0.22812,1752.0,0.22847,2931.0,0.22811,5538.0,0.22848,14930.0,0.22809,6561.0,0.22849,46067.0,0.22807,3784.0,0.2285,3808.0,0.22806,35502.0,0.22853,15730.0,0.22805,22857.0,0.22855,12439.0,0.22804,90709.0,0.22856,3808.0,0.22803,17050.0,0.22857,860.0,0.22802,14517.0,0.22858,32501.0,0.22801,196979.0,0.22859,66713.0
1756904139.0013094,1756904138548,1756904138548,0.22822,1904.0,0.2283,2764.0,0.22818,5264.0,0.22831,4471.0,0.22817,3790.0,0.22832,3635.0,0.22816,5300.0,0.22834,15539.0,0.22815,9320.0,0.22839,6000.0,0.22814,4381.0,0.2284,36117.0,0.22813,5538.0,0.22841,9059.0,0.22812,36812.0,0.22842,3808.0,0.22811,3790.0,0.22844,76521.0,0.22809,6561.0,0.22845,24184.0,0.22807,3784.0,0.22846,5448.0,0.22806,29894.0,0.22848,14930.0,0.22805,23387.0,0.22849,43879.0,0.22804,23996.0,0.2285,3808.0,0.22803,18675.0,0.22853,15730.0,0.22802,14517.0,0.22854,8105.0,0.22801,196979.0,0.22855,20544.0,0.228,3781.0,0.22856,3808.0,0.22798,23847.0,0.22857,860.0,0.22797,3870.0,0.22858,32501.0
1756904139.553368,1756904139069,1756904139069,0.22816,3676.0,0.2283,2764.0,0.22815,5530.0,0.22831,2993.0,0.22813,7290.0,0.22832,3635.0,0.22812,35060.0,0.22834,15593.0,0.22811,8634.0,0.22836,2931.0,0.22809,3790.0,0.22839,6000.0,0.22807,6938.0,0.2284,36117.0,0.22806,34365.0,0.22841,9059.0,0.22805,23387.0,0.22842,3808.0,0.22804,23996.0,0.22844,76521.0,0.22803,1625.0,0.22845,24184.0,0.22802,72288.0,0.22846,5448.0,0.22801,198075.0,0.22848,14930.0,0.228,3781.0,0.22849,26863.0,0.22798,23847.0,0.2285,3808.0,0.22797,4690.0,0.22853,15730.0,0.22796,7193.0,0.22854,8105.0,0.22795,36828.0,0.22855,20544.0,0.22794,11330.0,0.22856,3808.0,0.22793,4902.0,0.22857,860.0
1756904140.1774323,1756904139605,1756904139605,0.22816,2443.0,0.22823,3635.0,0.22815,3248.0,0.22828,111657.0,0.22813,5264.0,0.22829,28191.0,0.22811,4844.0,0.2283,8764.0,0.22807,6938.0,0.22831,8993.0,0.22806,43383.0,0.22833,20212.0,0.22805,3250.0,0.22834,15593.0,0.22804,25621.0,0.22835,820.0,0.22803,1625.0,0.22836,2931.0,0.22802,5575.0,0.22837,21732.0,0.22801,196979.0,0.22839,6000.0,0.228,3781.0,0.22841,8892.0,0.22798,14676.0,0.22842,3808.0,0.22797,3870.0,0.22844,76521.0,0.22796,7193.0,0.22845,2460.0,0.22795,36828.0,0.22846,202478.0,0.22794,9138.0,0.22848,14930.0,0.22793,4902.0,0.22849,26863.0,0.22792,12526.0,0.2285,3808.0,0.2279,27198.0,0.22851,3804.0
1756904140.6738946,1756904140173,1756904140173,0.22811,2942.0,0.22813,23875.0,0.22807,6938.0,0.22814,23874.0,0.22806,40477.0,0.22815,23873.0,0.22805,9916.0,0.22816,71616.0,0.22804,25621.0,0.2282,2806.0,0.22803,1625.0,0.22823,14757.0,0.22802,5575.0,0.22827,6000.0,0.22801,196979.0,0.22828,35038.0,0.228,3781.0,0.22829,10574.0,0.22798,11670.0,0.2283,8764.0,0.22797,9036.0,0.22831,9968.0,0.22796,11858.0,0.22832,9804.0,0.22795,36828.0,0.22833,20212.0,0.22794,9138.0,0.22834,15593.0,0.22793,4902.0,0.22835,4624.0,0.22792,8747.0,0.22836,2931.0,0.2279,25449.0,0.22837,25536.0,0.22789,23782.0,0.22838,3804.0,0.22788,32935.0,0.2284,3804.0,0.22786,83627.0,0.22841,8180.0
1756904141.162245,1756904140741,1756904140741,0.22806,15593.0,0.22808,71643.0,0.22805,1444.0,0.22809,71640.0,0.22804,1625.0,0.2281,71637.0,0.22803,35073.0,0.22811,71634.0,0.22802,1791.0,0.22812,47754.0,0.228,3781.0,0.22813,95502.0,0.22798,8258.0,0.22814,95498.0,0.22796,10371.0,0.22815,95494.0,0.22795,43328.0,0.22816,95488.0,0.22794,3783.0,0.22817,8052.0,0.22792,3781.0,0.22821,5671.0,0.22791,21776.0,0.22822,10471.0,0.2279,28355.0,0.22825,3806.0,0.22788,32935.0,0.22826,69706.0,0.22787,9706.0,0.22827,6000.0,0.22786,83627.0,0.22828,38842.0,0.22785,1707.0,0.22829,6157.0,0.22784,3781.0,0.2283,9804.0,0.22783,12915.0,0.22831,3994.0,0.22782,14557.0,0.22832,9804.0
1756904141.7772288,1756904141305,1756904141305,0.22807,21873.0,0.2282,2905.0,0.22806,46191.0,0.22826,2993.0,0.22805,6287.0,0.22828,38842.0,0.22804,1625.0,0.22829,17187.0,0.22802,1791.0,0.2283,6794.0,0.22798,8258.0,0.22831,7325.0,0.22797,9885.0,0.22832,3804.0,0.22796,12274.0,0.22833,3806.0,0.22795,22223.0,0.22834,11122.0,0.22794,3783.0,0.22835,13778.0,0.22793,17057.0,0.22836,820.0,0.22792,3781.0,0.22837,24836.0,0.2279,226508.0,0.22838,3804.0,0.22788,32935.0,0.22839,3021.0,0.22787,13524.0,0.2284,5992.0,0.22786,83627.0,0.22842,3808.0,0.22785,1707.0,0.22844,70521.0,0.22784,13909.0,0.22845,6199.0,0.22783,15760.0,0.22846,200838.0,0.22782,18375.0,0.22848,18740.0
1756904142.3223832,1756904141855,1756904141855,0.22807,35332.0,0.2282,2905.0,0.22806,35069.0,0.22826,2993.0,0.22805,14412.0,0.22828,38842.0,0.22804,11375.0,0.22829,157.0,0.22802,6262.0,0.2283,11265.0,0.22798,8258.0,0.22831,6231.0,0.22797,9885.0,0.22832,3804.0,0.22796,7390.0,0.22833,3806.0,0.22795,21403.0,0.22834,11122.0,0.22794,3783.0,0.22835,7555.0,0.22792,3781.0,0.22836,1640.0,0.2279,225412.0,0.22837,24836.0,0.22788,32935.0,0.22838,3804.0,0.22787,3818.0,0.22839,3021.0,0.22786,83627.0,0.2284,5992.0,0.22785,1707.0,0.22842,3808.0,0.22784,13909.0,0.22844,70521.0,0.22783,12915.0,0.22845,6199.0,0.22782,21878.0,0.22846,200838.0,0.22781,13297.0,0.22848,18740.0
1756904142.7644708,1756904142389,1756904142389,0.22808,2192.0,0.22816,3635.0,0.22807,33571.0,0.2282,2905.0,0.22806,35069.0,0.22826,2993.0,0.22805,14412.0,0.22827,7094.0,0.22804,15760.0,0.22828,38842.0,0.22802,6262.0,0.22829,23187.0,0.22798,8258.0,0.2283,6794.0,0.22797,9885.0,0.22831,6231.0,0.22796,7390.0,0.22832,3804.0,0.22795,21403.0,0.22833,3806.0,0.22794,3783.0,0.22834,11122.0,0.22793,17057.0,0.22835,7555.0,0.22792,3781.0,0.22836,1640.0,0.2279,226508.0,0.22837,24836.0,0.22788,32935.0,0.22838,3804.0,0.22787,3818.0,0.22839,3021.0,0.22786,83627.0,0.2284,5992.0,0.22785,1707.0,0.22842,3808.0,0.22784,13909.0,0.22844,70521.0,0.22783,12915.0,0.22845,6199.0
1756904144.0522814,1756904142988,1756904142988,0.22808,20819.0,0.22816,3635.0,0.22807,35320.0,0.2282,2905.0,0.22806,35069.0,0.22826,2993.0,0.22805,16037.0,0.22827,7094.0,0.22804,17385.0,0.22828,38842.0,0.22803,5264.0,0.22829,6157.0,0.22802,6262.0,0.2283,6794.0,0.22798,8258.0,0.22831,6231.0,0.22797,11787.0,0.22832,3804.0,0.22796,5487.0,0.22833,8277.0,0.22795,21403.0,0.22834,11122.0,0.22794,3783.0,0.22835,7555.0,0.22792,3781.0,0.22836,1640.0,0.2279,226508.0,0.22837,24836.0,0.22788,32935.0,0.22838,3804.0,0.22787,3818.0,0.22839,3021.0,0.22786,83627.0,0.2284,5992.0,0.22785,1707.0,0.22842,3808.0,0.22784,13909.0,0.22844,70521.0,0.22783,12915.0,0.22845,6199.0
1756904144.297569,1756904143539,1756904143539,0.22808,36439.0,0.22816,3635.0,0.22807,11348.0,0.2282,2905.0,0.22806,35069.0,0.22824,11122.0,0.22805,19287.0,0.22825,26212.0,0.22804,19010.0,0.22826,2993.0,0.22803,1625.0,0.22827,7094.0,0.22802,6262.0,0.22828,38842.0,0.22798,8258.0,0.22829,23187.0,0.22797,11787.0,0.2283,12794.0,0.22796,5487.0,0.22831,6231.0,0.22795,21403.0,0.22832,3804.0,0.22794,3783.0,0.22833,8277.0,0.22793,17057.0,0.22834,11122.0,0.22792,3781.0,0.22835,8375.0,0.2279,226508.0,0.22836,3280.0,0.22788,32935.0,0.22837,24836.0,0.22787,3818.0,0.22838,3804.0,0.22786,83627.0,0.22839,3021.0,0.22785,1707.0,0.2284,5992.0,0.22784,15616.0,0.22842,3808.0
1756904144.5106597,1756904144039,1756904144039,0.22808,18627.0,0.22811,2765.0,0.22805,3069.0,0.22815,32887.0,0.22804,10885.0,0.22816,3635.0,0.22803,1625.0,0.2282,2905.0,0.22802,1791.0,0.22821,5905.0,0.22799,35076.0,0.22824,11122.0,0.22798,8258.0,0.22825,26212.0,0.22797,1902.0,0.22827,72713.0,0.22796,8777.0,0.22828,38842.0,0.22795,10281.0,0.22829,6157.0,0.22794,9035.0,0.2283,12794.0,0.22792,3781.0,0.22831,6231.0,0.2279,225412.0,0.22832,3804.0,0.22788,23993.0,0.22833,8277.0,0.22787,13922.0,0.22834,14486.0,0.22786,83627.0,0.22835,8805.0,0.22785,1707.0,0.22836,3280.0,0.22784,15616.0,0.22837,24836.0,0.22783,12915.0,0.22838,3804.0,0.22782,18375.0,0.22839,3021.0
1756904145.0494442,1756904144604,1756904144604,0.22805,1625.0,0.22806,23884.0,0.22804,4875.0,0.22807,23883.0,0.22803,1625.0,0.22808,23882.0,0.22802,1791.0,0.22811,2765.0,0.22801,5264.0,0.22816,3635.0,0.228,2942.0,0.2282,4574.0,0.22799,35076.0,0.22821,10376.0,0.22798,3151.0,0.22823,9803.0,0.22797,1902.0,0.22824,17122.0,0.22796,16402.0,0.22825,24835.0,0.22795,10281.0,0.22826,8931.0,0.22794,9879.0,0.22827,66713.0,0.22792,3781.0,0.22828,38842.0,0.2279,225412.0,0.22829,6157.0,0.22789,23344.0,0.2283,12794.0,0.22788,23993.0,0.22831,2900.0,0.22787,14742.0,0.22832,27104.0,0.22786,17734.0,0.22833,8277.0,0.22785,5121.0,0.22834,16675.0,0.22784,10212.0,0.22835,8805.0
1756904145.624201,1756904145233,1756904145233,0.22805,3978.0,0.22819,1095.0,0.22804,9346.0,0.2282,5810.0,0.22803,1625.0,0.22823,9803.0,0.22802,1791.0,0.22824,17122.0,0.22801,5264.0,0.22825,24015.0,0.22799,35076.0,0.22826,6732.0,0.22798,3151.0,0.22827,71184.0,0.22797,22882.0,0.22828,38842.0,0.22796,8777.0,0.22829,157.0,0.22795,33619.0,0.2283,10019.0,0.22794,9879.0,0.22831,2900.0,0.22792,3781.0,0.22832,3804.0,0.2279,225412.0,0.22833,3806.0,0.22788,23993.0,0.22834,14486.0,0.22787,17513.0,0.22835,8805.0,0.22786,17734.0,0.22836,3280.0,0.22785,5121.0,0.22837,24836.0,0.22784,14712.0,0.22838,3804.0,0.22783,12915.0,0.22839,3021.0,0.22782,27317.0,0.2284,3804.0
1756904146.0720682,1756904145636,1756904145636,0.22809,185526.0,0.2282,5810.0,0.22808,185532.0,0.22823,6000.0,0.22807,185538.0,0.22824,17122.0,0.22806,154625.0,0.22825,20212.0,0.22805,6920.0,0.22826,2931.0,0.22804,4875.0,0.22827,4471.0,0.22803,1625.0,0.22828,38842.0,0.22802,1791.0,0.22829,17187.0,0.22801,4471.0,0.2283,10019.0,0.22799,38230.0,0.22831,2900.0,0.22798,3151.0,0.22832,3804.0,0.22797,22882.0,0.22833,3806.0,0.22796,3781.0,0.22834,11122.0,0.22795,33619.0,0.22835,5444.0,0.22794,9879.0,0.22836,3280.0,0.22792,3781.0,0.22837,24836.0,0.2279,225412.0,0.22838,3804.0,0.22788,23993.0,0.22839,3021.0,0.22787,7409.0,0.2284,3804.0,0.22786,17734.0,0.22842,3808.0
1756904146.6780767,1756904146191,1756904146191,0.22806,2589.0,0.22816,3635.0,0.22805,6920.0,0.2282,2817.0,0.22804,4875.0,0.22824,11122.0,0.22803,1625.0,0.22825,20212.0,0.22802,1791.0,0.22826,2931.0,0.22801,9735.0,0.22827,10471.0,0.22799,38230.0,0.22828,39936.0,0.22798,5051.0,0.22829,17187.0,0.22797,20980.0,0.2283,10019.0,0.22796,3781.0,0.22831,2900.0,0.22795,33619.0,0.22832,3804.0,0.22794,14263.0,0.22833,3806.0,0.22793,17057.0,0.22834,11122.0,0.22792,4877.0,0.22835,5444.0,0.2279,225412.0,0.22836,3280.0,0.22788,23993.0,0.22837,24836.0,0.22787,7409.0,0.22838,27098.0,0.22786,17734.0,0.22839,3021.0,0.22785,5121.0,0.2284,6852.0,0.22784,14712.0,0.22842,3808.0
1756904147.2004611,1756904146726,1756904146726,0.22806,2589.0,0.2282,2817.0,0.22805,6920.0,0.22824,46165.0,0.22804,4875.0,0.22825,20212.0,0.22803,1625.0,0.22826,5924.0,0.22802,1791.0,0.22827,10471.0,0.22801,4471.0,0.22828,4898.0,0.22799,38230.0,0.22829,17187.0,0.22798,5051.0,0.2283,10019.0,0.22797,20980.0,0.22831,2900.0,0.22796,3781.0,0.22832,3804.0,0.22795,38494.0,0.22833,3806.0,0.22794,14263.0,0.22834,11122.0,0.22793,17057.0,0.22835,5444.0,0.22792,4877.0,0.22836,3280.0,0.2279,225412.0,0.22837,24836.0,0.22788,23993.0,0.22838,27098.0,0.22787,7409.0,0.22839,3021.0,0.22786,17734.0,0.2284,6852.0,0.22785,5121.0,0.22842,3808.0,0.22784,14712.0,0.22844,76698.0
1756904147.6590812,1756904147249,1756904147249,0.22806,2589.0,0.2282,2817.0,0.22805,6920.0,0.22823,6000.0,0.22804,9258.0,0.22824,46165.0,0.22803,1625.0,0.22825,20212.0,0.22802,1791.0,0.22826,5924.0,0.22801,4471.0,0.22827,10471.0,0.22799,38230.0,0.22828,10898.0,0.22798,5051.0,0.22829,17187.0,0.22797,20980.0,0.2283,10019.0,0.22796,3781.0,0.22831,2900.0,0.22795,38494.0,0.22832,3804.0,0.22794,9879.0,0.22833,3806.0,0.22793,17057.0,0.22834,11122.0,0.22792,4877.0,0.22835,5444.0,0.2279,225412.0,0.22836,3280.0,0.22788,23993.0,0.22837,24836.0,0.22787,7409.0,0.22838,27098.0,0.22786,18554.0,0.22839,3021.0,0.22785,5121.0,0.2284,7712.0,0.22784,14712.0,0.22842,3808.0
1756904148.736109,1756904147858,1756904147858,0.22804,4383.0,0.22805,119425.0,0.22796,2502.0,0.22806,119420.0,0.22795,6500.0,0.22809,36536.0,0.22794,3250.0,0.2281,5787.0,0.22793,1625.0,0.22812,41069.0,0.22792,4567.0,0.22813,11122.0,0.2279,21668.0,0.22818,6000.0,0.22787,7822.0,0.22819,37576.0,0.22786,2403.0,0.2282,6085.0,0.22785,38514.0,0.22822,3798.0,0.22784,5488.0,0.22823,9798.0,0.22783,12915.0,0.22824,84164.0,0.22782,9160.0,0.22825,28427.0,0.22781,6793.0,0.22826,9091.0,0.2278,24800.0,0.22827,10471.0,0.22779,70508.0,0.22828,3804.0,0.22778,3795.0,0.2283,3804.0,0.22777,4427.0,0.22832,3804.0,0.22776,24007.0,0.22833,3806.0,0.22775,20379.0,0.22834,28182.0
1756904148.9536417,1756904148313,1756904148313,0.22804,4383.0,0.22805,23885.0,0.22795,3250.0,0.22806,119420.0,0.22794,1625.0,0.22809,4730.0,0.22792,4567.0,0.2281,12148.0,0.2279,21668.0,0.22812,41069.0,0.22787,7370.0,0.22813,11281.0,0.22786,5019.0,0.22816,2931.0,0.22785,42985.0,0.22817,3798.0,0.22784,5488.0,0.22818,6000.0,0.22783,12915.0,0.22819,48614.0,0.22782,9160.0,0.2282,6085.0,0.22781,6793.0,0.22822,3798.0,0.2278,24800.0,0.22823,9798.0,0.22779,70508.0,0.22824,87446.0,0.22778,3795.0,0.22825,28427.0,0.22777,9768.0,0.22826,9091.0,0.22776,24007.0,0.22827,10471.0,0.22775,24993.0,0.22828,3804.0,0.22774,14043.0,0.2283,3804.0,0.22773,13927.0,0.22832,6754.0
1756904149.4361122,1756904148929,1756904148929,0.22797,1750.0,0.22801,23890.0,0.22796,2444.0,0.22802,23889.0,0.22795,3250.0,0.22803,23888.0,0.22794,1625.0,0.22804,23887.0,0.22793,35085.0,0.22808,35069.0,0.22792,25839.0,0.22809,3635.0,0.2279,21668.0,0.2281,5773.0,0.22788,24009.0,0.22811,11122.0,0.22787,9069.0,0.22813,4576.0,0.22786,41227.0,0.22815,820.0,0.22785,5040.0,0.22816,5831.0,0.22784,5488.0,0.22817,70511.0,0.22783,1793.0,0.22818,42149.0,0.22782,9160.0,0.22819,5989.0,0.22781,3787.0,0.2282,9742.0,0.2278,24800.0,0.22821,4471.0,0.22779,70508.0,0.22822,3798.0,0.22778,3795.0,0.22823,3798.0,0.22777,4723.0,0.22824,17186.0,0.22776,24007.0,0.22825,24010.0
1756904149.930865,1756904149443,1756904149443,0.22795,3250.0,0.22796,95584.0,0.22794,1625.0,0.22797,95580.0,0.22792,1625.0,0.228,1599.0,0.2279,28407.0,0.22808,35069.0,0.22789,20212.0,0.22809,17045.0,0.22788,14919.0,0.2281,10043.0,0.22787,4599.0,0.22811,11122.0,0.22786,45803.0,0.22813,159.0,0.22785,5040.0,0.22814,3797.0,0.22784,5488.0,0.22815,4617.0,0.22783,1793.0,0.22816,7471.0,0.22782,11931.0,0.22817,70511.0,0.22781,70500.0,0.22818,1095.0,0.2278,28305.0,0.22819,5989.0,0.22779,5545.0,0.2282,9742.0,0.22778,3795.0,0.22821,4471.0,0.22777,9816.0,0.22822,3798.0,0.22776,24007.0,0.22823,3798.0,0.22775,26407.0,0.22824,20228.0,0.22774,15140.0,0.22825,24010.0
1756904150.6057324,1756904150085,1756904150085,0.22795,83025.0,0.22796,47792.0,0.22794,1625.0,0.22797,47790.0,0.22792,1625.0,0.228,1595.0,0.2279,21668.0,0.2281,1476.0,0.22789,20212.0,0.22816,2900.0,0.22788,14919.0,0.22817,3798.0,0.22787,10741.0,0.22818,4088.0,0.22786,5696.0,0.22819,3798.0,0.22785,9918.0,0.2282,10376.0,0.22784,7114.0,0.22822,3798.0,0.22783,18858.0,0.22823,6729.0,0.22782,13028.0,0.22824,49187.0,0.22781,81192.0,0.22825,3798.0,0.2278,28305.0,0.22826,3798.0,0.22779,3795.0,0.22827,24177.0,0.22778,3795.0,0.22828,3804.0,0.22776,24007.0,0.22829,6023.0,0.22775,25714.0,0.2283,3804.0,0.22774,161200.0,0.22832,6754.0,0.22773,12830.0,0.22833,3806.0
1756904150.9630618,1756904150531,1756904150531,0.22795,3250.0,0.22806,20212.0,0.22794,1625.0,0.22808,3793.0,0.22792,1625.0,0.22809,18493.0,0.2279,21668.0,0.2281,11504.0,0.22788,4617.0,0.22811,35068.0,0.22787,820.0,0.22812,14915.0,0.22786,39689.0,0.22814,3793.0,0.22785,12492.0,0.22816,2900.0,0.22784,18620.0,0.22817,27986.0,0.22783,14541.0,0.22819,8269.0,0.22782,12314.0,0.2282,7144.0,0.22781,3787.0,0.22822,3798.0,0.2278,24800.0,0.22823,6874.0,0.22779,3795.0,0.22824,17118.0,0.22778,3795.0,0.22825,24830.0,0.22777,4561.0,0.22826,70511.0,0.22776,8969.0,0.22828,3804.0,0.22775,21128.0,0.22829,3834.0,0.22774,15796.0,0.2283,3804.0,0.22773,12830.0,0.22832,6754.0
1756904151.668299,1756904151090,1756904151090,0.22795,3250.0,0.228,2941.0,0.22794,1625.0,0.22805,32901.0,0.22792,1625.0,0.22806,23205.0,0.2279,24610.0,0.22809,19588.0,0.22788,3797.0,0.2281,6235.0,0.22786,39689.0,0.22811,39539.0,0.22785,20450.0,0.22812,11122.0,0.22784,16870.0,0.22814,3793.0,0.22783,19012.0,0.22815,2931.0,0.22782,14064.0,0.22816,2900.0,0.22781,3787.0,0.22817,27986.0,0.2278,24800.0,0.22819,8269.0,0.22779,3795.0,0.2282,28722.0,0.22778,3795.0,0.22822,3798.0,0.22777,8152.0,0.22823,9064.0,0.22776,8969.0,0.22824,17118.0,0.22775,16489.0,0.22825,24830.0,0.22774,14043.0,0.22826,70511.0,0.22773,50114.0,0.22828,3804.0,0.22772,202717.0,0.22829,3834.0
1756904152.1169233,1756904151677,1756904151677,0.22795,3250.0,0.228,2941.0,0.22794,1625.0,0.22806,20212.0,0.22792,1625.0,0.22809,19588.0,0.2279,21668.0,0.2281,15292.0,0.22788,3797.0,0.22811,39539.0,0.22786,39689.0,0.22812,14915.0,0.22785,20450.0,0.22814,3793.0,0.22784,20122.0,0.22815,7544.0,0.22783,19012.0,0.22816,2900.0,0.22782,14064.0,0.22817,27986.0,0.22781,3787.0,0.22819,8269.0,0.2278,24800.0,0.2282,28722.0,0.22779,3795.0,0.22822,3798.0,0.22778,3795.0,0.22823,9064.0,0.22777,8152.0,0.22824,17118.0,0.22776,8969.0,0.22825,24830.0,0.22775,16489.0,0.22826,70511.0,0.22774,14043.0,0.22828,3804.0,0.22773,33042.0,0.22829,3834.0,0.22772,200968.0,0.2283,3804.0
1756904152.760653,1756904152225,1756904152225,0.22803,61854.0,0.22809,1448.0,0.22802,61858.0,0.2281,6660.0,0.22801,61860.0,0.22812,17908.0,0.228,61862.0,0.22814,3793.0,0.22796,2674.0,0.22815,6724.0,0.22795,3250.0,0.22816,37957.0,0.22794,36713.0,0.22817,3798.0,0.22793,4471.0,0.22819,3798.0,0.22792,1625.0,0.2282,6913.0,0.22791,20212.0,0.22822,3798.0,0.2279,21668.0,0.22823,6874.0,0.22788,33279.0,0.22824,17118.0,0.22787,4706.0,0.22825,24830.0,0.22786,4589.0,0.22826,70511.0,0.22785,20450.0,0.22828,3804.0,0.22784,20122.0,0.22829,3834.0,0.22783,36077.0,0.2283,3804.0,0.22782,10910.0,0.22832,6754.0,0.22781,3787.0,0.22833,14371.0,0.2278,24800.0,0.22834,34523.0
1756904153.2837358,1756904152757,1756904152757,0.22803,123708.0,0.22805,4471.0,0.22802,123716.0,0.22808,32902.0,0.22801,123720.0,0.22809,73773.0,0.228,123724.0,0.2281,9803.0,0.22796,2407.0,0.22811,66713.0,0.22795,3250.0,0.22812,11122.0,0.22794,1625.0,0.22813,4471.0,0.22792,3520.0,0.22815,27121.0,0.2279,21668.0,0.22816,2900.0,0.22788,3797.0,0.22817,3798.0,0.22787,5266.0,0.22818,1095.0,0.22786,2340.0,0.22819,3798.0,0.22785,19502.0,0.2282,7121.0,0.22784,55225.0,0.22822,3798.0,0.22783,3419.0,0.22823,3798.0,0.22782,10910.0,0.22824,17290.0,0.22781,3787.0,0.22825,25650.0,0.2278,24800.0,0.22826,72151.0,0.22779,3795.0,0.22828,3804.0,0.22778,3795.0,0.22829,3834.0
1756904154.1508229,1756904153341,1756904153341,0.22795,3250.0,0.228,35013.0,0.22794,1625.0,0.22801,23890.0,0.22792,3520.0,0.22802,23889.0,0.2279,21668.0,0.22803,23888.0,0.22788,3797.0,0.22804,34597.0,0.22787,2942.0,0.22807,20212.0,0.22786,6131.0,0.22808,66713.0,0.22785,42071.0,0.22809,54656.0,0.22784,55225.0,0.2281,9803.0,0.22783,8322.0,0.22812,11122.0,0.22782,9160.0,0.22813,2783.0,0.22781,3787.0,0.22815,2931.0,0.2278,24800.0,0.22817,3798.0,0.22779,28023.0,0.22818,1095.0,0.22778,3795.0,0.22819,3798.0,0.22777,8661.0,0.2282,7121.0,0.22776,8960.0,0.22822,3798.0,0.22775,22175.0,0.22823,3798.0,0.22774,14043.0,0.22824,17290.0,0.22773,33042.0,0.22825,25650.0
1756904154.3946629,1756904153831,1756904153831,0.22795,3250.0,0.228,12480.0,0.22794,1625.0,0.22804,34597.0,0.22792,3520.0,0.22807,24683.0,0.2279,21668.0,0.22809,54656.0,0.22788,3797.0,0.2281,8385.0,0.22787,2942.0,0.22812,14913.0,0.22786,6131.0,0.22813,2783.0,0.22785,23485.0,0.22814,3791.0,0.22784,55225.0,0.22815,2931.0,0.22783,12793.0,0.22817,3798.0,0.22782,9160.0,0.22818,1095.0,0.22781,3787.0,0.22819,3798.0,0.2278,24800.0,0.2282,3797.0,0.22779,28023.0,0.22822,3798.0,0.22778,5435.0,0.22823,3798.0,0.22777,8661.0,0.22824,17290.0,0.22776,8960.0,0.22825,25650.0,0.22775,17586.0,0.22826,72151.0,0.22774,14043.0,0.22828,3804.0,0.22773,50114.0,0.22829,3834.0
1756904154.9365966,1756904154400,1756904154400,0.22795,3250.0,0.228,12480.0,0.22794,1625.0,0.22803,2665.0,0.22792,1625.0,0.22804,2993.0,0.2279,21668.0,0.22807,24683.0,0.22788,3797.0,0.22808,4172.0,0.22787,2942.0,0.22809,54656.0,0.22786,6131.0,0.2281,11285.0,0.22785,23485.0,0.22812,14913.0,0.22784,55225.0,0.22813,2783.0,0.22783,12793.0,0.22814,3791.0,0.22782,9160.0,0.22815,3751.0,0.22781,3787.0,0.22817,3798.0,0.2278,24800.0,0.22818,1095.0,0.22779,28023.0,0.22819,3798.0,0.22778,25273.0,0.2282,3797.0,0.22777,8661.0,0.22822,3798.0,0.22776,8960.0,0.22823,3798.0,0.22775,17586.0,0.22824,214564.0,0.22774,14043.0,0.22825,25650.0,0.22773,50114.0,0.22826,72151.0
1756904155.4109259,1756904154901,1756904154901,0.22795,3250.0,0.22803,2665.0,0.22794,1625.0,0.22804,2993.0,0.22792,1625.0,0.22809,19588.0,0.2279,21668.0,0.2281,11285.0,0.22788,3797.0,0.22811,35066.0,0.22787,20212.0,0.22812,14913.0,0.22786,17253.0,0.22813,2783.0,0.22785,23485.0,0.22814,3791.0,0.22784,61505.0,0.22815,4571.0,0.22783,12793.0,0.22817,8269.0,0.22782,9160.0,0.22818,1095.0,0.22781,3787.0,0.22819,3798.0,0.2278,24800.0,0.2282,3797.0,0.22779,94736.0,0.22822,3798.0,0.22778,25273.0,0.22823,3798.0,0.22777,8661.0,0.22824,211417.0,0.22776,8960.0,0.22825,25650.0,0.22775,17586.0,0.22826,72151.0,0.22774,14043.0,0.22828,4664.0,0.22773,50114.0,0.22829,3834.0
1756904155.7942634,1756904155411,1756904155411,0.22795,3250.0,0.22803,2665.0,0.22794,1625.0,0.22809,24059.0,0.22792,4752.0,0.2281,11285.0,0.2279,21668.0,0.22811,35066.0,0.22788,3797.0,0.22812,14913.0,0.22787,20212.0,0.22813,2783.0,0.22786,17253.0,0.22814,3791.0,0.22785,25234.0,0.22815,8359.0,0.22784,61505.0,0.22817,8269.0,0.22783,11044.0,0.22818,1095.0,0.22782,9160.0,0.22819,3798.0,0.22781,3787.0,0.2282,3797.0,0.2278,24800.0,0.22822,3798.0,0.22779,94736.0,0.22823,3798.0,0.22778,25273.0,0.22824,211417.0,0.22777,8661.0,0.22825,25650.0,0.22776,8960.0,0.22826,72151.0,0.22775,17586.0,0.22828,4664.0,0.22774,14043.0,0.22829,3834.0,0.22773,33042.0,0.2283,3804.0
1756904156.319869,1756904155920,1756904155920,0.22796,11122.0,0.22803,1293.0,0.22795,3250.0,0.22807,3433.0,0.22794,1625.0,0.22809,2543.0,0.22792,4752.0,0.2281,5264.0,0.2279,21668.0,0.22811,35066.0,0.22788,3797.0,0.22812,6906.0,0.22787,20212.0,0.22813,2783.0,0.22786,17253.0,0.22814,3791.0,0.22785,25234.0,0.22815,8359.0,0.22784,63255.0,0.22817,8269.0,0.22783,11044.0,0.22818,1095.0,0.22782,9160.0,0.22819,3798.0,0.22781,3787.0,0.2282,3797.0,0.2278,24800.0,0.22822,3798.0,0.22779,94736.0,0.22823,3798.0,0.22778,25273.0,0.22824,211417.0,0.22777,8661.0,0.22825,25650.0,0.22776,8960.0,0.22826,72151.0,0.22775,17586.0,0.22828,4664.0,0.22774,14043.0,0.22829,3834.0
1756904156.8425705,1756904156423,1756904156423,0.2281,61836.0,0.22813,2640.0,0.22809,61838.0,0.22818,1095.0,0.22808,61842.0,0.22819,22290.0,0.22807,61844.0,0.2282,3797.0,0.22806,30923.0,0.22822,3798.0,0.22805,30924.0,0.22823,10110.0,0.22804,34860.0,0.22824,246461.0,0.22803,30927.0,0.22825,27840.0,0.22797,24642.0,0.22826,77955.0,0.22796,59366.0,0.22827,860.0,0.22795,9886.0,0.22828,29700.0,0.22794,6889.0,0.22829,3834.0,0.22792,48315.0,0.2283,3804.0,0.2279,21668.0,0.22832,6754.0,0.22788,3797.0,0.22833,17520.0,0.22787,20212.0,0.22834,36032.0,0.22786,27970.0,0.22835,15159.0,0.22785,23925.0,0.22836,6488.0,0.22784,24508.0,0.22837,24016.0,0.22783,24955.0,0.22838,3804.0
1756904157.4187136,1756904156946,1756904156946,0.22804,3934.0,0.22812,34274.0,0.22802,3127.0,0.22813,2640.0,0.22798,5539.0,0.22815,3433.0,0.22797,27731.0,0.22818,1095.0,0.22796,67436.0,0.22819,22664.0,0.22795,9762.0,0.22822,6913.0,0.22794,10679.0,0.22823,10110.0,0.22793,4350.0,0.22824,246461.0,0.22792,52103.0,0.22825,27840.0,0.2279,25456.0,0.22826,77955.0,0.22789,2771.0,0.22827,860.0,0.22788,3797.0,0.22828,29700.0,0.22787,20212.0,0.22829,3834.0,0.22786,25630.0,0.2283,3804.0,0.22785,19674.0,0.22832,6754.0,0.22784,24508.0,0.22833,14371.0,0.22783,24955.0,0.22834,33103.0,0.22782,10257.0,0.22835,15159.0,0.22781,3787.0,0.22836,6488.0,0.2278,24800.0,0.22837,24016.0
1756904157.8265953,1756904157490,1756904157490,0.22804,3934.0,0.22811,28925.0,0.22802,3127.0,0.22812,1382.0,0.22798,1749.0,0.22813,2640.0,0.22797,27731.0,0.22815,3433.0,0.22796,67436.0,0.22818,1095.0,0.22795,14233.0,0.22819,22664.0,0.22794,5415.0,0.22822,11384.0,0.22793,6245.0,0.22823,10110.0,0.22792,52103.0,0.22824,246461.0,0.2279,25456.0,0.22825,27840.0,0.22789,2771.0,0.22826,77955.0,0.22788,3797.0,0.22827,860.0,0.22787,20212.0,0.22828,29700.0,0.22786,25630.0,0.22829,3834.0,0.22785,19674.0,0.2283,3804.0,0.22784,20122.0,0.22832,6754.0,0.22783,24955.0,0.22833,14371.0,0.22782,10257.0,0.22834,33103.0,0.22781,3787.0,0.22835,15159.0,0.2278,24800.0,0.22836,6488.0
1756904158.6792727,1756904158112,1756904158112,0.22815,30912.0,0.22819,1454.0,0.22814,96676.0,0.22822,5802.0,0.22813,92745.0,0.22824,209216.0,0.22812,92748.0,0.22825,1640.0,0.22811,61836.0,0.22826,7444.0,0.22805,5424.0,0.22827,35901.0,0.22804,5252.0,0.22828,6618.0,0.22802,3127.0,0.22829,20864.0,0.22799,44419.0,0.2283,3804.0,0.22797,31541.0,0.22832,3804.0,0.22796,73715.0,0.22833,20974.0,0.22795,9346.0,0.22834,22075.0,0.22794,5415.0,0.22835,17348.0,0.22793,71063.0,0.22836,6488.0,0.22792,27889.0,0.22837,24016.0,0.2279,25456.0,0.22838,3804.0,0.22789,3867.0,0.2284,6384.0,0.22788,3797.0,0.22842,3808.0,0.22787,20212.0,0.22843,4458.0,0.22786,14913.0,0.22844,77009.0
1756904159.3093574,1756904158812,1756904158812,0.22821,216342.0,0.22822,2687.0,0.2282,216349.0,0.22824,11122.0,0.22819,185448.0,0.22826,2900.0,0.2281,3127.0,0.22827,35041.0,0.22808,1748.0,0.22828,1954.0,0.22807,1749.0,0.22829,17030.0,0.22806,38181.0,0.2283,3804.0,0.22805,5424.0,0.22831,4471.0,0.22804,1753.0,0.22832,3804.0,0.22803,5264.0,0.22833,10409.0,0.22802,3790.0,0.22834,11122.0,0.228,3790.0,0.22835,6813.0,0.22799,68054.0,0.22837,24016.0,0.22796,25471.0,0.22838,3804.0,0.22795,9346.0,0.2284,5524.0,0.22794,5415.0,0.22842,3808.0,0.22793,88120.0,0.22843,4458.0,0.22792,5413.0,0.22844,73765.0,0.2279,28356.0,0.22845,6488.0,0.22789,3867.0,0.22846,5430.0
1756904159.7873824,1756904159331,1756904159331,0.2282,216349.0,0.22822,2687.0,0.22819,185448.0,0.22824,11122.0,0.2281,5023.0,0.22825,4471.0,0.22808,1748.0,0.22826,2900.0,0.22807,1749.0,0.22827,35041.0,0.22806,41974.0,0.22828,1954.0,0.22805,5424.0,0.22829,17030.0,0.22804,5546.0,0.2283,6919.0,0.22803,5264.0,0.22831,5924.0,0.22802,3790.0,0.22832,3804.0,0.228,3790.0,0.22833,10409.0,0.22799,68054.0,0.22834,11122.0,0.22798,3793.0,0.22835,4624.0,0.22796,25471.0,0.22836,2904.0,0.22795,9346.0,0.22837,24016.0,0.22794,5415.0,0.22838,3804.0,0.22793,88120.0,0.2284,5524.0,0.22792,5413.0,0.22842,3808.0,0.2279,28356.0,0.22843,7203.0,0.22789,2771.0,0.22844,73765.0
1756904160.39,1756904159852,1756904159852,0.22811,2192.0,0.22822,3433.0,0.2281,5023.0,0.22823,2928.0,0.22808,3501.0,0.22824,11122.0,0.22807,1749.0,0.22826,2900.0,0.22806,49148.0,0.22827,35041.0,0.22805,5424.0,0.22828,7218.0,0.22804,3250.0,0.22829,17030.0,0.22802,3790.0,0.2283,3115.0,0.22801,4385.0,0.22831,1453.0,0.228,3790.0,0.22832,3804.0,0.22799,70770.0,0.22833,10409.0,0.22798,3793.0,0.22834,11122.0,0.22796,25471.0,0.22835,9095.0,0.22795,9346.0,0.22836,2904.0,0.22794,5415.0,0.22837,24016.0,0.22793,83770.0,0.22838,3804.0,0.22792,6509.0,0.2284,5524.0,0.2279,28356.0,0.22842,5996.0,0.22789,2771.0,0.22843,7203.0,0.22788,5504.0,0.22844,73765.0
1756904160.9261582,1756904160419,1756904160419,0.22811,2192.0,0.22822,3433.0,0.2281,5023.0,0.22823,2928.0,0.22808,3501.0,0.22824,11122.0,0.22807,1749.0,0.22826,2900.0,0.22806,51690.0,0.22827,35041.0,0.22805,7049.0,0.22828,7218.0,0.22804,3250.0,0.22829,17030.0,0.22802,3790.0,0.2283,3115.0,0.22801,4385.0,0.22831,1453.0,0.228,3790.0,0.22832,3804.0,0.22799,68054.0,0.22833,10409.0,0.22798,3793.0,0.22834,11122.0,0.22796,25471.0,0.22835,9095.0,0.22795,9346.0,0.22836,2904.0,0.22794,5415.0,0.22837,24016.0,0.22793,83770.0,0.22838,3804.0,0.22792,6509.0,0.2284,5524.0,0.22791,4350.0,0.22842,5996.0,0.2279,28356.0,0.22843,7203.0,0.22789,2771.0,0.22844,73765.0
1756904161.3353927,1756904160960,1756904160960,0.22826,30899.0,0.22833,2880.0,0.22825,61800.0,0.22834,11122.0,0.22824,61803.0,0.22835,3804.0,0.22823,61806.0,0.22836,37930.0,0.22822,154520.0,0.22837,3804.0,0.22817,11122.0,0.22838,3804.0,0.22816,2656.0,0.2284,3804.0,0.22815,2699.0,0.22842,3808.0,0.22812,36066.0,0.22843,10183.0,0.22811,42501.0,0.22844,95500.0,0.2281,26091.0,0.22845,4866.0,0.22808,5264.0,0.22846,6290.0,0.22807,15858.0,0.22848,14930.0,0.22806,15941.0,0.22849,24148.0,0.22805,1625.0,0.2285,3808.0,0.22804,3250.0,0.22851,3804.0,0.22802,3790.0,0.22852,4036.0,0.228,3790.0,0.22853,14844.0,0.22799,43847.0,0.22854,34821.0,0.22798,3793.0,0.22855,10954.0
1756904161.9760761,1756904161514,1756904161514,0.22818,1752.0,0.22833,5995.0,0.22817,1749.0,0.22834,15593.0,0.22816,2656.0,0.22835,8506.0,0.22815,5012.0,0.22836,2904.0,0.22813,3127.0,0.22837,1451.0,0.22812,20212.0,0.22838,38030.0,0.22811,37252.0,0.22839,18117.0,0.2281,27985.0,0.22842,3808.0,0.22808,3790.0,0.22843,10183.0,0.22807,15858.0,0.22844,95500.0,0.22806,19731.0,0.22845,4866.0,0.22805,1625.0,0.22846,6290.0,0.22804,11423.0,0.22848,14930.0,0.22803,18146.0,0.22849,24148.0,0.22802,3790.0,0.2285,3808.0,0.228,6722.0,0.22851,5991.0,0.22799,45487.0,0.22852,201352.0,0.22798,201929.0,0.22853,14844.0,0.22796,16537.0,0.22854,34821.0,0.22795,9346.0,0.22855,10954.0
1756904162.566855,1756904162025,1756904162025,0.22815,364.0,0.22816,23872.0,0.22808,3790.0,0.22817,23871.0,0.22806,33585.0,0.22818,23870.0,0.22805,39233.0,0.22822,12456.0,0.22804,11423.0,0.22823,71589.0,0.22802,3790.0,0.22824,71586.0,0.228,11193.0,0.22825,71583.0,0.22799,43847.0,0.22826,71580.0,0.22798,201109.0,0.22829,35038.0,0.22797,5213.0,0.2283,66713.0,0.22796,21439.0,0.22832,46001.0,0.22795,4875.0,0.22833,5738.0,0.22794,5415.0,0.22834,51715.0,0.22792,32509.0,0.22835,11566.0,0.2279,37969.0,0.22836,2904.0,0.22789,820.0,0.22837,21663.0,0.22788,5504.0,0.22838,27167.0,0.22787,24180.0,0.22842,3808.0,0.22786,17781.0,0.22843,10183.0,0.22785,1707.0,0.22844,70521.0
1756904163.106712,1756904162570,1756904162570,0.22807,1896.0,0.22812,47754.0,0.22806,25711.0,0.22813,47752.0,0.22805,8916.0,0.22814,47750.0,0.22804,11423.0,0.22815,23874.0,0.22803,35072.0,0.22816,23872.0,0.22802,3790.0,0.22817,119355.0,0.228,11193.0,0.22818,119350.0,0.22799,43847.0,0.22822,12456.0,0.22798,201109.0,0.22824,4475.0,0.22797,5213.0,0.22825,5291.0,0.22796,21439.0,0.22826,820.0,0.22795,4875.0,0.22827,3242.0,0.22794,5415.0,0.22829,35038.0,0.22793,83770.0,0.2283,66713.0,0.22792,6509.0,0.22832,33959.0,0.2279,37969.0,0.22833,5738.0,0.22789,820.0,0.22834,16687.0,0.22788,6324.0,0.22835,12116.0,0.22787,24180.0,0.22837,24004.0,0.22786,17781.0,0.22838,27957.0
1756904164.175037,1756904163284,1756904163284,0.22808,27126.0,0.22812,47754.0,0.22807,15050.0,0.22813,47752.0,0.22806,26392.0,0.22814,47750.0,0.22805,8867.0,0.22815,23874.0,0.22804,9258.0,0.22822,12456.0,0.22803,35072.0,0.22824,4475.0,0.228,12667.0,0.22825,1409.0,0.22799,24002.0,0.22826,820.0,0.22798,201109.0,0.22827,1453.0,0.22797,5213.0,0.22828,3795.0,0.22796,23336.0,0.22829,35038.0,0.22795,4875.0,0.2283,76414.0,0.22794,5415.0,0.22832,33959.0,0.22793,83770.0,0.22833,6653.0,0.22792,6509.0,0.22834,16687.0,0.2279,28356.0,0.22835,12116.0,0.22789,820.0,0.22837,24004.0,0.22788,6324.0,0.22838,27957.0,0.22787,24180.0,0.2284,3792.0,0.22786,17781.0,0.22842,3808.0
1756904164.176569,1756904163687,1756904163687,0.22808,27126.0,0.22822,11122.0,0.22807,15050.0,0.22824,5295.0,0.22806,21921.0,0.22825,1409.0,0.22805,8867.0,0.22827,1453.0,0.22804,12757.0,0.22828,3795.0,0.22803,35072.0,0.22829,35038.0,0.228,12667.0,0.2283,76414.0,0.22799,24002.0,0.22832,33959.0,0.22798,201109.0,0.22833,6653.0,0.22797,5213.0,0.22834,16687.0,0.22796,21439.0,0.22835,12936.0,0.22795,4875.0,0.22837,24004.0,0.22794,5415.0,0.22838,27957.0,0.22793,83770.0,0.2284,3792.0,0.22792,6509.0,0.22842,3808.0,0.2279,28356.0,0.22843,4367.0,0.22789,820.0,0.22844,70521.0,0.22788,6324.0,0.22845,10933.0,0.22787,24180.0,0.22846,6290.0,0.22786,17781.0,0.22848,14930.0
1756904164.5839376,1756904164188,1756904164188,0.22808,27126.0,0.22822,11122.0,0.22807,15050.0,0.22824,9766.0,0.22806,20297.0,0.22825,1409.0,0.22805,10492.0,0.22827,1453.0,0.22804,11132.0,0.22828,3795.0,0.22802,3127.0,0.22829,35038.0,0.22801,35073.0,0.2283,76414.0,0.228,7403.0,0.22832,20820.0,0.22799,24002.0,0.22833,6653.0,0.22798,201109.0,0.22834,16687.0,0.22797,5213.0,0.22835,12936.0,0.22796,21439.0,0.22837,24004.0,0.22795,4875.0,0.22838,27957.0,0.22794,5415.0,0.2284,3792.0,0.22793,83770.0,0.22842,3808.0,0.22792,6509.0,0.22843,4367.0,0.2279,28356.0,0.22844,70521.0,0.22789,820.0,0.22845,9311.0,0.22788,6324.0,0.22846,6290.0,0.22787,24180.0,0.22848,14930.0
1756904165.276906,1756904164750,1756904164750,0.22806,2569.0,0.22807,23883.0,0.22804,7885.0,0.22808,23882.0,0.22802,3127.0,0.22811,11122.0,0.22801,35073.0,0.22821,46031.0,0.22799,3790.0,0.22822,11122.0,0.22798,201109.0,0.22823,20212.0,0.22797,5213.0,0.22824,9766.0,0.22796,9886.0,0.22825,1409.0,0.22795,6773.0,0.22827,1453.0,0.22794,7165.0,0.22829,35044.0,0.22792,5413.0,0.2283,76414.0,0.2279,28356.0,0.22832,20820.0,0.22789,2460.0,0.22833,6653.0,0.22788,7144.0,0.22834,15593.0,0.22787,24180.0,0.22835,12936.0,0.22786,17781.0,0.22837,24004.0,0.22785,1707.0,0.22838,27957.0,0.22784,8866.0,0.2284,3792.0,0.22783,10232.0,0.22842,3808.0,0.22782,80370.0,0.22843,2745.0
1756904165.7642052,1756904165283,1756904165283,0.22797,4562.0,0.22803,47774.0,0.22796,48220.0,0.22804,47772.0,0.22795,14644.0,0.22805,119425.0,0.22794,10539.0,0.22806,119420.0,0.22792,5413.0,0.22807,23883.0,0.2279,28356.0,0.22808,23882.0,0.22789,2932.0,0.22815,6222.0,0.22788,5504.0,0.22816,5264.0,0.22787,24180.0,0.22819,3796.0,0.22786,52430.0,0.22821,50922.0,0.22785,1707.0,0.22822,11122.0,0.22784,7114.0,0.22823,59054.0,0.22783,11328.0,0.22824,30831.0,0.22782,7200.0,0.22825,11050.0,0.22781,3787.0,0.22827,3796.0,0.2278,29866.0,0.2283,70508.0,0.22779,73924.0,0.22831,1094.0,0.22778,3795.0,0.22832,3792.0,0.22777,6350.0,0.22833,6653.0,0.22776,5515.0,0.22834,15593.0
1756904166.3853376,1756904165855,1756904165855,0.22798,29321.0,0.22803,47774.0,0.22797,14610.0,0.22804,47772.0,0.22796,51081.0,0.22805,47770.0,0.22795,27248.0,0.22806,23884.0,0.22794,4875.0,0.22814,820.0,0.22792,1625.0,0.22815,11343.0,0.2279,24568.0,0.22816,5264.0,0.22789,2932.0,0.22817,3796.0,0.22788,5504.0,0.22818,35053.0,0.22787,24180.0,0.22819,20834.0,0.22786,49562.0,0.2282,3002.0,0.22785,1707.0,0.22821,20941.0,0.22784,7114.0,0.22822,11122.0,0.22783,28393.0,0.22823,24008.0,0.22782,5574.0,0.22824,29471.0,0.22781,3787.0,0.22825,9641.0,0.2278,222097.0,0.22827,3796.0,0.22779,75564.0,0.22828,6541.0,0.22778,3795.0,0.2283,70508.0,0.22777,6350.0,0.22831,1094.0
1756904166.724124,1756904166327,1756904166327,0.22798,29321.0,0.22814,820.0,0.22797,14610.0,0.22815,11343.0,0.22796,4875.0,0.22816,5264.0,0.22795,27248.0,0.22817,3796.0,0.22794,4875.0,0.22818,35053.0,0.22792,3378.0,0.22819,20834.0,0.22791,39559.0,0.2282,3002.0,0.2279,27680.0,0.22821,20941.0,0.22789,2932.0,0.22822,11122.0,0.22788,5504.0,0.22823,24008.0,0.22787,24180.0,0.22824,29471.0,0.22786,49562.0,0.22825,9641.0,0.22785,1707.0,0.22827,3796.0,0.22784,7114.0,0.22828,6541.0,0.22783,28393.0,0.2283,70508.0,0.22782,5574.0,0.22831,1094.0,0.22781,3787.0,0.22832,3792.0,0.2278,222097.0,0.22833,3795.0,0.22779,75564.0,0.22834,15593.0,0.22778,3795.0,0.22835,3792.0
1756904167.3029377,1756904166870,1756904166870,0.22798,29321.0,0.22812,11122.0,0.22797,19081.0,0.22813,22725.0,0.22796,4875.0,0.22814,820.0,0.22795,28873.0,0.22815,7547.0,0.22794,10886.0,0.22816,5264.0,0.22792,3378.0,0.22819,17038.0,0.22791,39559.0,0.2282,38058.0,0.2279,27680.0,0.22821,17145.0,0.22789,2932.0,0.22822,11122.0,0.22788,5504.0,0.22823,24008.0,0.22787,26078.0,0.22824,29471.0,0.22786,49562.0,0.22825,9641.0,0.22785,1707.0,0.22827,3796.0,0.22784,7114.0,0.22828,6541.0,0.22783,28393.0,0.2283,70508.0,0.22782,5574.0,0.22831,1094.0,0.22781,3787.0,0.22832,3792.0,0.2278,222097.0,0.22833,3795.0,0.22779,75564.0,0.22834,15593.0,0.22778,3795.0,0.22835,3792.0
1756904167.874943,1756904167414,1756904167414,0.22799,2193.0,0.22812,11122.0,0.22798,29321.0,0.22814,2222.0,0.22797,19081.0,0.22815,7547.0,0.22796,7251.0,0.22816,5264.0,0.22795,28873.0,0.22819,17038.0,0.22794,10886.0,0.2282,38058.0,0.22793,1753.0,0.22821,3999.0,0.22792,1625.0,0.22822,11122.0,0.22791,39559.0,0.22823,24008.0,0.2279,27680.0,0.22824,29471.0,0.22789,2932.0,0.22825,9641.0,0.22788,5504.0,0.22827,3796.0,0.22787,26078.0,0.22828,6541.0,0.22786,49562.0,0.2283,70508.0,0.22785,1707.0,0.22831,1094.0,0.22784,7114.0,0.22832,3792.0,0.22783,28393.0,0.22833,3795.0,0.22782,5574.0,0.22834,15593.0,0.22781,3787.0,0.22835,3792.0,0.2278,222097.0,0.22837,27140.0
1756904168.404443,1756904167936,1756904167936,0.22799,2193.0,0.22812,11122.0,0.22797,5921.0,0.22814,2222.0,0.22796,42336.0,0.22815,7694.0,0.22795,29799.0,0.22816,5264.0,0.22794,12636.0,0.22819,17038.0,0.22793,1753.0,0.2282,38058.0,0.22792,1625.0,0.22821,3999.0,0.22791,4471.0,0.22822,11122.0,0.2279,27680.0,0.22823,24008.0,0.22789,2932.0,0.22824,29471.0,0.22788,7403.0,0.22825,9641.0,0.22787,24180.0,0.22826,860.0,0.22786,49562.0,0.22827,3796.0,0.22785,1707.0,0.22828,6541.0,0.22784,7114.0,0.2283,70508.0,0.22783,11328.0,0.22831,1094.0,0.22782,5574.0,0.22832,3792.0,0.22781,3787.0,0.22833,3795.0,0.2278,222097.0,0.22834,15593.0,0.22779,75564.0,0.22835,3792.0
1756904169.5692017,1756904168733,1756904168733,0.22799,2193.0,0.22814,2222.0,0.22798,11122.0,0.22815,7694.0,0.22797,5921.0,0.22816,5264.0,0.22796,42336.0,0.2282,38058.0,0.22795,29799.0,0.22821,3999.0,0.22794,14385.0,0.22822,11122.0,0.22793,1753.0,0.22823,24008.0,0.22792,1625.0,0.22824,820.0,0.22791,4471.0,0.22825,9641.0,0.2279,27680.0,0.22826,860.0,0.22789,2932.0,0.22827,3796.0,0.22788,7403.0,0.22828,6541.0,0.22787,24180.0,0.2283,70508.0,0.22786,25341.0,0.22831,1094.0,0.22785,1707.0,0.22832,3792.0,0.22784,7114.0,0.22833,3795.0,0.22783,11328.0,0.22834,15593.0,0.22782,5574.0,0.22835,3792.0,0.22781,3787.0,0.22837,27140.0,0.2278,222097.0,0.22838,3792.0
1756904169.7161205,1756904169062,1756904169062,0.22799,37268.0,0.22814,1402.0,0.22798,11122.0,0.22815,6874.0,0.22797,5921.0,0.22816,6084.0,0.22796,7251.0,0.2282,3002.0,0.22795,33049.0,0.22821,9999.0,0.22794,9999.0,0.22822,11122.0,0.22793,3378.0,0.22823,24008.0,0.22792,25839.0,0.22824,35864.0,0.22791,4471.0,0.22825,9641.0,0.2279,27680.0,0.22826,860.0,0.22789,2932.0,0.22827,3796.0,0.22788,7403.0,0.22828,6541.0,0.22787,24180.0,0.2283,70508.0,0.22786,25341.0,0.22831,1094.0,0.22785,1707.0,0.22832,3792.0,0.22784,7114.0,0.22833,3795.0,0.22783,11328.0,0.22834,15593.0,0.22782,5574.0,0.22835,3792.0,0.22781,3787.0,0.22837,27140.0,0.2278,222097.0,0.22838,3792.0
1756904169.9754686,1756904169573,1756904169573,0.22799,37268.0,0.22814,1402.0,0.22798,33591.0,0.22815,6054.0,0.22797,5921.0,0.22816,5264.0,0.22796,7251.0,0.22819,17038.0,0.22795,33049.0,0.2282,3002.0,0.22794,9999.0,0.22821,9999.0,0.22793,3378.0,0.22822,11122.0,0.22792,25839.0,0.22823,24008.0,0.22791,4471.0,0.22824,35864.0,0.2279,24568.0,0.22825,9641.0,0.22789,2932.0,0.22826,860.0,0.22788,7403.0,0.22827,3796.0,0.22787,24180.0,0.22828,6541.0,0.22786,25341.0,0.2283,70508.0,0.22785,1707.0,0.22831,1094.0,0.22784,11499.0,0.22832,3792.0,0.22783,28393.0,0.22833,3795.0,0.22782,5574.0,0.22834,15593.0,0.22781,3787.0,0.22835,3792.0,0.2278,222097.0,0.22837,27140.0
1756904170.5042353,1756904170088,1756904170088,0.228,3127.0,0.22813,23153.0,0.22799,37268.0,0.22814,2800.0,0.22798,33591.0,0.22815,2939.0,0.22797,9033.0,0.22819,23038.0,0.22796,9624.0,0.2282,9002.0,0.22795,29922.0,0.22821,9999.0,0.22794,11752.0,0.22822,17122.0,0.22793,1625.0,0.22823,24008.0,0.22792,31103.0,0.22824,35864.0,0.22791,4471.0,0.22825,9641.0,0.2279,24568.0,0.22826,860.0,0.22789,2932.0,0.22827,3796.0,0.22788,7403.0,0.22828,6541.0,0.22787,24180.0,0.2283,70508.0,0.22786,25341.0,0.22831,1094.0,0.22785,1707.0,0.22832,3792.0,0.22784,11499.0,0.22833,3795.0,0.22783,28393.0,0.22834,15593.0,0.22782,5574.0,0.22835,3792.0,0.22781,3787.0,0.22837,27140.0
1756904171.038926,1756904170632,1756904170632,0.228,3127.0,0.22813,23153.0,0.22799,35075.0,0.22814,2800.0,0.22798,33591.0,0.22815,2939.0,0.22797,9033.0,0.22819,23038.0,0.22796,9624.0,0.2282,14266.0,0.22795,29922.0,0.22821,13114.0,0.22794,11752.0,0.22822,17122.0,0.22793,1625.0,0.22823,24008.0,0.22792,31103.0,0.22824,35864.0,0.22791,4471.0,0.22825,9641.0,0.2279,24568.0,0.22826,860.0,0.22789,5651.0,0.22827,3796.0,0.22788,5504.0,0.22828,6541.0,0.22787,24180.0,0.2283,70508.0,0.22786,25341.0,0.22831,1094.0,0.22785,1707.0,0.22832,3792.0,0.22784,7114.0,0.22833,3795.0,0.22783,28393.0,0.22834,15593.0,0.22782,5574.0,0.22835,3792.0,0.22781,3787.0,0.22837,27140.0
1756904171.5449436,1756904171169,1756904171169,0.22816,123642.0,0.2282,16386.0,0.22815,123648.0,0.22821,10561.0,0.22814,123654.0,0.22822,6000.0,0.22813,123660.0,0.22823,3796.0,0.22806,2492.0,0.22824,38584.0,0.22805,2403.0,0.22825,3796.0,0.22801,2193.0,0.22826,860.0,0.228,25464.0,0.22827,3796.0,0.22799,40339.0,0.22828,7635.0,0.22798,33591.0,0.22829,17030.0,0.22797,79530.0,0.2283,3795.0,0.22796,14154.0,0.22831,3002.0,0.22795,29523.0,0.22832,3792.0,0.22794,12783.0,0.22833,27966.0,0.22793,22479.0,0.22834,17083.0,0.22792,1625.0,0.22835,3792.0,0.22791,3797.0,0.22837,27140.0,0.2279,28365.0,0.22838,3792.0,0.22789,5668.0,0.2284,5980.0,0.22788,6324.0,0.22842,6734.0
1756904172.103499,1756904171701,1756904171701,0.22816,61821.0,0.22819,3242.0,0.22815,61824.0,0.2282,11122.0,0.22814,61827.0,0.22821,4561.0,0.22813,61830.0,0.22824,2720.0,0.22807,1753.0,0.22827,35044.0,0.22806,5796.0,0.22828,13635.0,0.22805,4301.0,0.22829,17030.0,0.22804,3797.0,0.2283,3795.0,0.22802,3797.0,0.22831,10377.0,0.22801,2193.0,0.22832,3792.0,0.228,27508.0,0.22833,27966.0,0.22799,40339.0,0.22834,17903.0,0.22798,37388.0,0.22835,3792.0,0.22797,83327.0,0.22837,27140.0,0.22796,11030.0,0.22838,3792.0,0.22795,31422.0,0.2284,5980.0,0.22794,6500.0,0.22842,3808.0,0.22793,5422.0,0.22843,4541.0,0.22792,1625.0,0.22844,72143.0,0.22791,3797.0,0.22845,15233.0
1756904172.6087415,1756904172241,1756904172241,0.22807,3503.0,0.22819,3242.0,0.22806,5796.0,0.2282,11122.0,0.22805,4301.0,0.22821,4561.0,0.22804,4471.0,0.22824,2720.0,0.22801,2193.0,0.22826,5264.0,0.228,20212.0,0.22827,101757.0,0.22799,5264.0,0.22828,13635.0,0.22798,37388.0,0.22829,17030.0,0.22797,16614.0,0.2283,3795.0,0.22796,11030.0,0.22831,16377.0,0.22795,33047.0,0.22832,3792.0,0.22794,6500.0,0.22833,27966.0,0.22793,5422.0,0.22834,17903.0,0.22792,1625.0,0.22835,3792.0,0.22791,3797.0,0.22837,27140.0,0.2279,28365.0,0.22838,3792.0,0.22789,5668.0,0.2284,5980.0,0.22788,6324.0,0.22842,3808.0,0.22787,24180.0,0.22843,4541.0,0.22786,14913.0,0.22844,72143.0
1756904173.278992,1756904172846,1756904172846,0.22806,5796.0,0.2282,11122.0,0.22805,4301.0,0.22821,4561.0,0.22804,4471.0,0.22824,2720.0,0.22801,37268.0,0.22825,6000.0,0.228,20212.0,0.22826,11264.0,0.22799,5264.0,0.22827,35044.0,0.22798,14919.0,0.22828,13635.0,0.22797,16614.0,0.22829,17030.0,0.22796,11030.0,0.2283,3795.0,0.22795,33047.0,0.22831,16377.0,0.22794,6500.0,0.22832,3792.0,0.22793,22479.0,0.22833,27966.0,0.22792,1625.0,0.22834,18723.0,0.22791,3797.0,0.22835,4612.0,0.2279,28365.0,0.22837,27140.0,0.22789,5668.0,0.22838,3792.0,0.22788,6324.0,0.2284,5980.0,0.22787,24180.0,0.22842,3808.0,0.22786,14913.0,0.22843,4541.0,0.22785,1707.0,0.22844,72143.0
1756904173.992676,1756904173416,1756904173416,0.22806,5796.0,0.2282,11122.0,0.22805,4301.0,0.22821,4561.0,0.22804,4471.0,0.22824,2720.0,0.22801,35075.0,0.22825,6000.0,0.228,20212.0,0.22826,11264.0,0.22799,5264.0,0.22827,35044.0,0.22798,14919.0,0.22828,13635.0,0.22797,16614.0,0.22829,17030.0,0.22796,11030.0,0.2283,3795.0,0.22795,33047.0,0.22831,16377.0,0.22794,6500.0,0.22832,3792.0,0.22793,22479.0,0.22833,27966.0,0.22792,1625.0,0.22834,18723.0,0.22791,3797.0,0.22835,4612.0,0.2279,28365.0,0.22837,27140.0,0.22789,4572.0,0.22838,3792.0,0.22788,6324.0,0.2284,5980.0,0.22787,24180.0,0.22842,3808.0,0.22786,14913.0,0.22843,4541.0,0.22785,1707.0,0.22844,72143.0
1756904174.4463613,1756904173978,1756904173978,0.22801,6000.0,0.22809,11122.0,0.22797,7583.0,0.22814,3420.0,0.22796,46695.0,0.22815,1640.0,0.22795,33047.0,0.22818,3242.0,0.22794,6500.0,0.22819,67941.0,0.22793,5422.0,0.2282,11122.0,0.22792,1625.0,0.22821,9032.0,0.22791,3797.0,0.22824,29808.0,0.2279,28365.0,0.22825,26212.0,0.22789,27149.0,0.22826,11264.0,0.22788,5504.0,0.22828,12541.0,0.22787,33910.0,0.2283,70508.0,0.22786,14913.0,0.22831,13473.0,0.22785,1707.0,0.22832,3792.0,0.22784,10617.0,0.22833,3795.0,0.22783,11328.0,0.22834,11942.0,0.22782,5574.0,0.22835,3792.0,0.22781,3787.0,0.22837,27140.0,0.2278,222097.0,0.22838,3792.0,0.22779,75564.0,0.2284,3792.0
1756904174.9894538,1756904174527,1756904174527,0.22802,8193.0,0.22813,24456.0,0.22799,1446.0,0.22814,2600.0,0.22797,10710.0,0.22816,820.0,0.22796,57817.0,0.22818,3242.0,0.22795,29250.0,0.22819,42148.0,0.22794,6500.0,0.2282,11122.0,0.22793,5422.0,0.22821,5237.0,0.22792,1625.0,0.22823,12695.0,0.22791,3797.0,0.22824,29808.0,0.2279,30260.0,0.22825,26212.0,0.22789,27149.0,0.22826,15055.0,0.22788,5504.0,0.22827,6000.0,0.22787,33910.0,0.22828,12541.0,0.22786,14913.0,0.2283,70508.0,0.22785,1707.0,0.22831,4471.0,0.22784,7114.0,0.22832,3792.0,0.22783,11328.0,0.22833,3795.0,0.22782,5574.0,0.22834,14131.0,0.22781,3787.0,0.22835,3792.0,0.2278,222097.0,0.22837,27140.0
1756904175.4987037,1756904175031,1756904175031,0.22803,12476.0,0.22813,24456.0,0.22802,2193.0,0.22814,2600.0,0.22799,1446.0,0.22815,820.0,0.22797,10710.0,0.22817,6000.0,0.22796,57817.0,0.22818,3115.0,0.22795,29250.0,0.22819,24133.0,0.22794,6500.0,0.2282,11122.0,0.22793,5422.0,0.22821,1446.0,0.22792,1625.0,0.22823,15697.0,0.22791,5691.0,0.22824,64852.0,0.2279,28365.0,0.22825,26212.0,0.22789,27149.0,0.22826,9055.0,0.22788,5504.0,0.22828,6541.0,0.22787,33910.0,0.2283,70508.0,0.22786,14913.0,0.22831,4471.0,0.22785,1707.0,0.22832,3792.0,0.22784,7114.0,0.22833,3795.0,0.22783,11328.0,0.22834,14131.0,0.22782,5574.0,0.22835,3792.0,0.22781,3787.0,0.22837,27140.0
1756904175.9537957,1756904175548,1756904175548,0.22802,2193.0,0.22813,24456.0,0.22799,1446.0,0.22814,2600.0,0.22798,6000.0,0.22817,6000.0,0.22797,10710.0,0.22818,3115.0,0.22796,57817.0,0.22819,24133.0,0.22795,30999.0,0.2282,11122.0,0.22794,6500.0,0.22821,1446.0,0.22793,5422.0,0.22823,15697.0,0.22792,3519.0,0.22824,64852.0,0.22791,3797.0,0.22825,26212.0,0.2279,28365.0,0.22826,9055.0,0.22789,27149.0,0.22828,6541.0,0.22788,5504.0,0.2283,70508.0,0.22787,33910.0,0.22831,4471.0,0.22786,14913.0,0.22832,3792.0,0.22785,1707.0,0.22833,3795.0,0.22784,7114.0,0.22834,14131.0,0.22783,28393.0,0.22835,3792.0,0.22782,5574.0,0.22837,27140.0,0.22781,3787.0,0.22838,3792.0
1756904176.545217,1756904176088,1756904176088,0.22802,2193.0,0.22812,6000.0,0.22799,1446.0,0.22813,24456.0,0.22798,6000.0,0.22814,2600.0,0.22797,16710.0,0.22817,6000.0,0.22796,63817.0,0.22818,9115.0,0.22795,30999.0,0.22819,24133.0,0.22794,10885.0,0.2282,11122.0,0.22793,5422.0,0.22821,1446.0,0.22792,3519.0,0.22822,6000.0,0.22791,3797.0,0.22823,15697.0,0.2279,28365.0,0.22824,68638.0,0.22789,27149.0,0.22825,20212.0,0.22788,5504.0,0.22826,9055.0,0.22787,33910.0,0.22828,6541.0,0.22786,14913.0,0.2283,70508.0,0.22785,1707.0,0.22831,4471.0,0.22784,7114.0,0.22832,3792.0,0.22783,28393.0,0.22833,3795.0,0.22782,5574.0,0.22834,14131.0,0.22781,3787.0,0.22835,3792.0
1756904177.039548,1756904176650,1756904176650,0.22815,30912.0,0.22818,3115.0,0.22814,30913.0,0.22821,1446.0,0.22813,61830.0,0.22823,11205.0,0.22812,61832.0,0.22824,40285.0,0.22806,16263.0,0.22825,1640.0,0.22802,7445.0,0.22826,9055.0,0.22801,24205.0,0.22828,6541.0,0.22799,21658.0,0.2283,3795.0,0.22798,11264.0,0.22832,3792.0,0.22797,23214.0,0.22833,3795.0,0.22796,130530.0,0.22834,20268.0,0.22795,29250.0,0.22835,3792.0,0.22794,10885.0,0.22837,27140.0,0.22793,5422.0,0.22838,3792.0,0.22792,3519.0,0.2284,3792.0,0.22791,3797.0,0.22842,3808.0,0.2279,28365.0,0.22843,4541.0,0.22789,2932.0,0.22844,72143.0,0.22788,7144.0,0.22845,18109.0,0.22787,33910.0,0.22846,5430.0
1756904177.9030108,1756904177258,1756904177258,0.22816,61822.0,0.22817,80629.0,0.22815,61824.0,0.22818,35053.0,0.22814,61826.0,0.22819,15593.0,0.22802,3127.0,0.22821,1446.0,0.22799,5917.0,0.22822,20212.0,0.22798,6000.0,0.22823,95306.0,0.22797,6896.0,0.22824,42695.0,0.22796,46665.0,0.22825,1640.0,0.22795,33034.0,0.22826,9055.0,0.22794,6500.0,0.22828,6541.0,0.22793,5422.0,0.2283,8266.0,0.22792,1625.0,0.22832,3792.0,0.22791,3797.0,0.22833,3795.0,0.2279,28365.0,0.22834,20268.0,0.22789,2932.0,0.22835,3792.0,0.22788,5504.0,0.22837,27140.0,0.22787,33900.0,0.22838,3792.0,0.22786,14913.0,0.2284,3792.0,0.22785,1707.0,0.22842,3808.0,0.22784,7114.0,0.22843,77022.0
1756904178.2552176,1756904177788,1756904177788,0.22802,3127.0,0.22817,110857.0,0.22799,5917.0,0.22818,36148.0,0.22797,6896.0,0.22819,28160.0,0.22796,46665.0,0.22821,1446.0,0.22795,33034.0,0.22822,20212.0,0.22794,6500.0,0.22823,27085.0,0.22793,5422.0,0.22824,6196.0,0.22792,1625.0,0.22825,1640.0,0.22791,3797.0,0.22826,9055.0,0.2279,28365.0,0.22828,6541.0,0.22789,2932.0,0.2283,8266.0,0.22788,6600.0,0.22832,3792.0,0.22787,33900.0,0.22833,3795.0,0.22786,14913.0,0.22834,14131.0,0.22785,1707.0,0.22835,3792.0,0.22784,7114.0,0.22837,27140.0,0.22783,10232.0,0.22838,3792.0,0.22782,5574.0,0.2284,6590.0,0.22781,3787.0,0.22842,3808.0,0.2278,222097.0,0.22843,77022.0
1756904179.5358222,1756904178347,1756904178347,0.22803,2193.0,0.22814,2654.0,0.22802,11298.0,0.22815,31333.0,0.22799,1446.0,0.22816,1640.0,0.22797,3112.0,0.22817,36002.0,0.22796,57787.0,0.22818,5035.0,0.22795,29250.0,0.22819,32631.0,0.22794,6500.0,0.22821,1446.0,0.22793,34106.0,0.22823,2904.0,0.22792,1625.0,0.22824,9198.0,0.22791,5689.0,0.22825,36684.0,0.2279,28365.0,0.22826,9055.0,0.22789,2932.0,0.22828,6541.0,0.22788,6600.0,0.2283,3795.0,0.22787,33900.0,0.22832,3792.0,0.22786,14913.0,0.22833,3795.0,0.22785,1707.0,0.22834,14131.0,0.22784,7114.0,0.22835,3792.0,0.22783,27297.0,0.22837,27140.0,0.22782,5574.0,0.22838,3792.0,0.22781,3787.0,0.2284,6590.0
1756904179.537382,1756904178943,1756904178943,0.22804,6000.0,0.22814,2654.0,0.22803,2193.0,0.22815,31333.0,0.22802,14425.0,0.22817,3115.0,0.22799,1446.0,0.22818,1095.0,0.22797,3112.0,0.22819,11122.0,0.22796,57787.0,0.22821,1446.0,0.22795,29250.0,0.22823,23116.0,0.22794,6500.0,0.22824,44242.0,0.22793,34106.0,0.22825,1640.0,0.22792,1625.0,0.22826,9055.0,0.22791,5689.0,0.22828,6541.0,0.2279,28365.0,0.2283,3795.0,0.22789,2932.0,0.22832,3792.0,0.22788,6600.0,0.22833,3795.0,0.22787,33900.0,0.22834,14131.0,0.22786,14913.0,0.22835,3792.0,0.22785,1707.0,0.22837,27140.0,0.22784,7114.0,0.22838,3792.0,0.22783,10232.0,0.2284,6590.0,0.22782,5574.0,0.22842,3808.0
1756904180.006141,1756904179549,1756904179549,0.22804,6000.0,0.22814,2654.0,0.22803,2193.0,0.22817,3115.0,0.22802,3127.0,0.22818,1095.0,0.22801,35075.0,0.22819,28160.0,0.228,4471.0,0.22821,1446.0,0.22799,1446.0,0.22823,23116.0,0.22797,3112.0,0.22824,48713.0,0.22796,22702.0,0.22825,1640.0,0.22795,29250.0,0.22826,9055.0,0.22794,10884.0,0.22828,6541.0,0.22793,35996.0,0.2283,3795.0,0.22792,24093.0,0.22832,3792.0,0.22791,3797.0,0.22833,3795.0,0.2279,28365.0,0.22834,14131.0,0.22789,2932.0,0.22835,3792.0,0.22788,6600.0,0.22837,27140.0,0.22787,33900.0,0.22838,12734.0,0.22786,14913.0,0.2284,6590.0,0.22785,1707.0,0.22842,3808.0,0.22784,7114.0,0.22843,77022.0
1756904180.5883276,1756904180092,1756904180092,0.22804,6000.0,0.22814,2654.0,0.22803,2193.0,0.22817,3115.0,0.22802,3127.0,0.22818,1095.0,0.22801,35075.0,0.22819,28160.0,0.228,4471.0,0.22821,1446.0,0.22799,1446.0,0.22823,23116.0,0.22797,3112.0,0.22824,48713.0,0.22796,22702.0,0.22825,4100.0,0.22795,29250.0,0.22826,9055.0,0.22794,10884.0,0.22828,6541.0,0.22793,35996.0,0.2283,3795.0,0.22792,24093.0,0.22832,3792.0,0.22791,3797.0,0.22833,3795.0,0.2279,28365.0,0.22834,14131.0,0.22789,2932.0,0.22835,3792.0,0.22788,6600.0,0.22837,27140.0,0.22787,33900.0,0.22838,12734.0,0.22786,14913.0,0.2284,6590.0,0.22785,1707.0,0.22842,3808.0,0.22784,7114.0,0.22843,77022.0
1756904180.9996228,1756904180619,1756904180619,0.22804,8193.0,0.22813,1443.0,0.22802,3127.0,0.22814,2654.0,0.22801,35075.0,0.22816,3242.0,0.228,4471.0,0.22817,3115.0,0.22799,1446.0,0.22818,7095.0,0.22797,5642.0,0.22819,28160.0,0.22796,22702.0,0.22821,1446.0,0.22795,29250.0,0.22823,23116.0,0.22794,10884.0,0.22824,48713.0,0.22793,35996.0,0.22825,4100.0,0.22792,24093.0,0.22826,9055.0,0.22791,3797.0,0.22828,6541.0,0.2279,28365.0,0.2283,3795.0,0.22789,2932.0,0.22832,3792.0,0.22788,6600.0,0.22833,3795.0,0.22787,33900.0,0.22834,14131.0,0.22786,14913.0,0.22835,3792.0,0.22785,1707.0,0.22837,27140.0,0.22784,7114.0,0.22838,13594.0,0.22783,27297.0,0.2284,6590.0
1756904181.6170485,1756904181165,1756904181165,0.22804,2193.0,0.22813,1443.0,0.22802,3127.0,0.22814,1251.0,0.22801,35075.0,0.22816,3242.0,0.228,4471.0,0.22817,3115.0,0.22799,1446.0,0.22818,7095.0,0.22797,5642.0,0.22819,28160.0,0.22796,20280.0,0.22821,1446.0,0.22795,29250.0,0.22822,6000.0,0.22794,10884.0,0.22823,29116.0,0.22793,35996.0,0.22824,48713.0,0.22792,24093.0,0.22825,4100.0,0.22791,3797.0,0.22826,9055.0,0.2279,28365.0,0.22828,6541.0,0.22789,2932.0,0.2283,3795.0,0.22788,6600.0,0.22832,3792.0,0.22787,33900.0,0.22833,3795.0,0.22786,14913.0,0.22834,14131.0,0.22785,1707.0,0.22835,3792.0,0.22784,7114.0,0.22837,27140.0,0.22783,27297.0,0.22838,13594.0
1756904182.1335905,1756904181705,1756904181705,0.22804,2193.0,0.22813,1443.0,0.22802,3127.0,0.22814,1251.0,0.22801,35075.0,0.22816,3242.0,0.228,4471.0,0.22817,3115.0,0.22799,1446.0,0.22818,7095.0,0.22797,5642.0,0.22819,11122.0,0.22796,20280.0,0.2282,6000.0,0.22795,29250.0,0.22821,1446.0,0.22794,10884.0,0.22822,6000.0,0.22793,35996.0,0.22823,29116.0,0.22792,24093.0,0.22824,49533.0,0.22791,3797.0,0.22825,4920.0,0.2279,28365.0,0.22826,9875.0,0.22789,2932.0,0.22828,6541.0,0.22788,6600.0,0.2283,3795.0,0.22787,33900.0,0.22832,3792.0,0.22786,14913.0,0.22833,3795.0,0.22785,1707.0,0.22834,14131.0,0.22784,7114.0,0.22835,3792.0,0.22783,27297.0,0.22837,27140.0
1756904182.8423421,1756904182322,1756904182322,0.22816,30911.0,0.22823,13678.0,0.22815,61824.0,0.22824,820.0,0.22814,61828.0,0.22825,4920.0,0.22813,154575.0,0.22826,6084.0,0.22806,46097.0,0.22828,3796.0,0.22805,6000.0,0.22829,55183.0,0.22804,7445.0,0.2283,3795.0,0.22803,26212.0,0.22832,3792.0,0.22802,24204.0,0.22833,27966.0,0.22801,3770.0,0.22834,17977.0,0.228,4471.0,0.22835,3792.0,0.22799,10480.0,0.22837,24004.0,0.22798,5347.0,0.22838,4652.0,0.22797,82766.0,0.2284,6590.0,0.22796,20280.0,0.22842,5430.0,0.22795,29250.0,0.22843,4541.0,0.22794,10884.0,0.22844,75384.0,0.22793,9893.0,0.22845,15233.0,0.22792,24093.0,0.22846,5430.0,0.22791,3797.0,0.22848,14930.0
1756904183.3661196,1756904182829,1756904182829,0.22814,30914.0,0.22823,13678.0,0.22813,123660.0,0.22824,820.0,0.22807,2320.0,0.22825,4920.0,0.22806,46561.0,0.22826,6084.0,0.22805,7885.0,0.22828,2540.0,0.22804,9330.0,0.22829,35038.0,0.22803,33094.0,0.2283,4471.0,0.22802,26089.0,0.22831,5906.0,0.22801,3770.0,0.22832,9792.0,0.228,4471.0,0.22833,27966.0,0.22799,10480.0,0.22834,17977.0,0.22798,5347.0,0.22835,3792.0,0.22797,13523.0,0.22837,24004.0,0.22796,17622.0,0.22838,4652.0,0.22795,33020.0,0.22839,2745.0,0.22794,10884.0,0.2284,5980.0,0.22793,32396.0,0.22842,5430.0,0.22792,24093.0,0.22843,4541.0,0.22791,3797.0,0.22844,72143.0,0.2279,28365.0,0.22845,15233.0
1756904184.2323537,1756904183495,1756904183495,0.22808,5252.0,0.22821,3242.0,0.22807,2320.0,0.22823,13678.0,0.22806,9963.0,0.22824,820.0,0.22805,1885.0,0.22825,8035.0,0.22804,35072.0,0.22826,6084.0,0.22803,23324.0,0.22828,69253.0,0.22802,24204.0,0.22829,52068.0,0.228,4471.0,0.2283,4471.0,0.22799,10480.0,0.22831,5906.0,0.22798,5347.0,0.22832,9792.0,0.22797,13523.0,0.22833,27966.0,0.22796,17622.0,0.22834,17977.0,0.22795,33020.0,0.22835,3792.0,0.22794,73213.0,0.22837,24004.0,0.22793,32396.0,0.22838,4652.0,0.22792,24093.0,0.22839,2745.0,0.22791,3797.0,0.2284,5980.0,0.2279,28365.0,0.22842,5430.0,0.22789,2932.0,0.22843,4541.0,0.22788,5504.0,0.22844,72143.0
1756904184.4220111,1756904183934,1756904183934,0.22808,5252.0,0.22821,3242.0,0.22807,2320.0,0.22823,13678.0,0.22806,9963.0,0.22824,6820.0,0.22805,1885.0,0.22825,8035.0,0.22804,35072.0,0.22826,6084.0,0.22803,23324.0,0.22828,69253.0,0.22802,24204.0,0.22829,35038.0,0.228,4471.0,0.2283,4471.0,0.22799,5216.0,0.22831,5906.0,0.22798,5347.0,0.22832,9792.0,0.22797,13523.0,0.22833,27966.0,0.22796,17622.0,0.22834,17977.0,0.22795,33020.0,0.22835,3792.0,0.22794,73213.0,0.22837,24864.0,0.22793,10989.0,0.22838,6372.0,0.22792,24093.0,0.22839,2745.0,0.22791,3797.0,0.2284,5980.0,0.2279,28365.0,0.22842,5430.0,0.22789,2932.0,0.22843,4541.0,0.22788,5504.0,0.22844,72143.0
1756904184.9476032,1756904184469,1756904184469,0.22808,5252.0,0.22821,3242.0,0.22807,6791.0,0.22822,6000.0,0.22806,5492.0,0.22823,18149.0,0.22805,1885.0,0.22824,62075.0,0.22803,3112.0,0.22825,8035.0,0.22802,28675.0,0.22826,6084.0,0.22801,35075.0,0.22827,6000.0,0.22799,5216.0,0.22828,69253.0,0.22798,5347.0,0.22829,17030.0,0.22797,13523.0,0.2283,4471.0,0.22796,17622.0,0.22831,5906.0,0.22795,33020.0,0.22832,9792.0,0.22794,6500.0,0.22833,27966.0,0.22793,10989.0,0.22834,17977.0,0.22792,24093.0,0.22835,3792.0,0.22791,3797.0,0.22837,29335.0,0.2279,28365.0,0.22838,6372.0,0.22789,2932.0,0.22839,2745.0,0.22788,5504.0,0.2284,5980.0,0.22787,24180.0,0.22842,5430.0
1756904185.572287,1756904185058,1756904185058,0.22809,6000.0,0.22822,6000.0,0.22808,5252.0,0.22823,13678.0,0.22807,2320.0,0.22824,41863.0,0.22806,5492.0,0.22825,8035.0,0.22805,1885.0,0.22826,6084.0,0.22803,3112.0,0.22827,6000.0,0.22802,24683.0,0.22828,25622.0,0.22801,35075.0,0.22829,17030.0,0.22799,5216.0,0.22831,5906.0,0.22798,5347.0,0.22832,3792.0,0.22797,13523.0,0.22833,3795.0,0.22796,17622.0,0.22834,19071.0,0.22795,33020.0,0.22835,3792.0,0.22794,6500.0,0.22837,29335.0,0.22793,94759.0,0.22838,6372.0,0.22792,24093.0,0.22839,2745.0,0.22791,3797.0,0.2284,5980.0,0.2279,28365.0,0.22842,5430.0,0.22789,2932.0,0.22843,6163.0,0.22788,5504.0,0.22844,72143.0
1756904186.0061789,1756904185524,1756904185524,0.22809,6000.0,0.22823,13678.0,0.22808,5252.0,0.22824,41863.0,0.22807,4764.0,0.22825,8035.0,0.22806,5492.0,0.22826,820.0,0.22805,1885.0,0.22827,6000.0,0.22803,3112.0,0.22828,25622.0,0.22802,24683.0,0.22829,17030.0,0.22801,35075.0,0.22831,5906.0,0.22799,5216.0,0.22832,3792.0,0.22798,5347.0,0.22833,3795.0,0.22797,13523.0,0.22834,17977.0,0.22796,17622.0,0.22835,3792.0,0.22795,33020.0,0.22837,30195.0,0.22794,6500.0,0.22838,8092.0,0.22793,94759.0,0.22839,2745.0,0.22792,24093.0,0.2284,5980.0,0.22791,3797.0,0.22842,5430.0,0.2279,28365.0,0.22843,7785.0,0.22789,2932.0,0.22844,72143.0,0.22788,5504.0,0.22845,15233.0
1756904186.653633,1756904186129,1756904186129,0.2281,9683.0,0.22823,2556.0,0.22809,17122.0,0.22824,820.0,0.22808,5252.0,0.22825,4920.0,0.22807,4764.0,0.22826,820.0,0.22805,26085.0,0.22827,5264.0,0.22803,3112.0,0.22828,35038.0,0.22802,24683.0,0.22829,17030.0,0.22801,35075.0,0.22831,7000.0,0.22799,3770.0,0.22832,3792.0,0.22798,5347.0,0.22833,3795.0,0.22797,13523.0,0.22834,17977.0,0.22796,17622.0,0.22835,3792.0,0.22795,33020.0,0.22837,25724.0,0.22794,10883.0,0.22838,8092.0,0.22793,94759.0,0.22839,2745.0,0.22792,24093.0,0.2284,5980.0,0.22791,3797.0,0.22842,5430.0,0.2279,30119.0,0.22843,7785.0,0.22789,1754.0,0.22844,72143.0,0.22788,7964.0,0.22845,15233.0
1756904187.1853867,1756904186623,1756904186623,0.22807,4764.0,0.22822,1446.0,0.22806,6000.0,0.22823,2556.0,0.22805,1885.0,0.22824,35142.0,0.22803,3112.0,0.22825,4920.0,0.22802,4452.0,0.22826,4062.0,0.22801,35075.0,0.22827,5264.0,0.22799,3770.0,0.22828,35038.0,0.22797,13523.0,0.22831,7000.0,0.22796,17622.0,0.22832,3792.0,0.22795,33020.0,0.22833,27966.0,0.22794,10883.0,0.22834,17977.0,0.22793,72135.0,0.22835,3792.0,0.22792,24093.0,0.22837,25724.0,0.22791,3797.0,0.22838,8092.0,0.2279,30119.0,0.22839,2745.0,0.22789,4686.0,0.2284,5980.0,0.22788,5504.0,0.22842,5430.0,0.22787,25276.0,0.22843,7785.0,0.22786,14913.0,0.22844,72143.0,0.22785,1707.0,0.22845,15233.0
1756904187.6165466,1756904187161,1756904187161,0.22807,6514.0,0.22822,1446.0,0.22806,6000.0,0.22823,2556.0,0.22805,1885.0,0.22824,14930.0,0.22803,27314.0,0.22825,4920.0,0.22802,30664.0,0.22826,820.0,0.22801,35075.0,0.22827,5264.0,0.22799,9770.0,0.22828,35038.0,0.22797,13523.0,0.22829,17030.0,0.22796,17622.0,0.22831,7000.0,0.22795,33020.0,0.22832,3792.0,0.22794,6500.0,0.22833,3795.0,0.22793,90288.0,0.22834,17977.0,0.22792,24093.0,0.22835,3792.0,0.22791,3797.0,0.22837,25724.0,0.2279,30119.0,0.22838,8092.0,0.22789,4686.0,0.22839,2745.0,0.22788,5504.0,0.2284,5980.0,0.22787,24180.0,0.22842,5430.0,0.22786,14913.0,0.22843,7785.0,0.22785,1707.0,0.22844,72143.0
1756904188.1233468,1756904187689,1756904187689,0.22809,6000.0,0.22821,3242.0,0.22808,1749.0,0.22822,1446.0,0.22807,8267.0,0.22823,2556.0,0.22806,6000.0,0.22824,14930.0,0.22805,1885.0,0.22825,4920.0,0.22804,6000.0,0.22826,820.0,0.22803,33314.0,0.22827,5264.0,0.22802,35135.0,0.22828,41038.0,0.22801,35075.0,0.22829,17030.0,0.22799,3770.0,0.22831,11471.0,0.22797,13523.0,0.22832,3792.0,0.22796,17622.0,0.22833,3795.0,0.22795,33020.0,0.22834,17977.0,0.22794,6500.0,0.22835,3792.0,0.22793,90288.0,0.22837,25724.0,0.22792,24093.0,0.22838,8092.0,0.22791,3797.0,0.22839,2745.0,0.2279,30119.0,0.2284,5980.0,0.22789,4686.0,0.22842,5430.0,0.22788,5504.0,0.22843,9407.0
1756904189.3097966,1756904188375,1756904188375,0.22809,6000.0,0.22821,3242.0,0.22807,4764.0,0.22822,1446.0,0.22806,6000.0,0.22823,8556.0,0.22805,1885.0,0.22824,35142.0,0.22804,6000.0,0.22825,9391.0,0.22803,33314.0,0.22826,820.0,0.22802,10452.0,0.22827,11264.0,0.22801,35075.0,0.22828,41038.0,0.22799,3770.0,0.22831,10377.0,0.22797,17994.0,0.22832,3792.0,0.22796,17622.0,0.22833,3795.0,0.22795,33020.0,0.22834,17977.0,0.22794,6500.0,0.22835,3792.0,0.22793,89192.0,0.22837,25724.0,0.22792,24093.0,0.22838,8092.0,0.22791,3797.0,0.22839,2745.0,0.2279,30119.0,0.2284,5980.0,0.22789,4686.0,0.22841,1622.0,0.22788,5504.0,0.22842,7052.0,0.22787,24180.0,0.22843,11029.0
1756904189.5494845,1756904188783,1756904188783,0.22809,6000.0,0.22821,3242.0,0.22807,4764.0,0.22822,1446.0,0.22806,6000.0,0.22823,2556.0,0.22805,1885.0,0.22824,35142.0,0.22804,6000.0,0.22825,9391.0,0.22803,33314.0,0.22826,820.0,0.22802,10452.0,0.22827,11264.0,0.22801,35075.0,0.22828,41038.0,0.22799,3770.0,0.22829,17030.0,0.22797,17994.0,0.22831,10377.0,0.22796,17622.0,0.22832,3792.0,0.22795,33020.0,0.22833,3795.0,0.22794,10883.0,0.22834,17977.0,0.22793,89192.0,0.22835,3792.0,0.22792,24093.0,0.22837,25724.0,0.22791,3797.0,0.22838,8092.0,0.2279,30119.0,0.22839,2745.0,0.22789,5506.0,0.2284,5980.0,0.22788,6324.0,0.22841,1622.0,0.22787,24180.0,0.22842,7052.0
1756904189.8748555,1756904189395,1756904189395,0.22805,1885.0,0.22808,71646.0,0.22804,6000.0,0.22809,71643.0,0.22803,6000.0,0.22813,12555.0,0.22802,4452.0,0.2282,13499.0,0.22799,3770.0,0.22821,16388.0,0.22797,10563.0,0.22822,1446.0,0.22796,41585.0,0.22823,29744.0,0.22795,33020.0,0.22824,70185.0,0.22794,10883.0,0.22825,9391.0,0.22793,72135.0,0.22826,67533.0,0.22792,24093.0,0.22827,11264.0,0.22791,3797.0,0.22828,1094.0,0.2279,27219.0,0.22831,7473.0,0.22789,4686.0,0.22832,3792.0,0.22788,10687.0,0.22833,3795.0,0.22787,24180.0,0.22834,17977.0,0.22786,14913.0,0.22835,3792.0,0.22785,1707.0,0.22837,25724.0,0.22784,8868.0,0.22838,8092.0,0.22783,7387.0,0.22839,2745.0
1756904190.5803094,1756904189992,1756904189992,0.22797,2304.0,0.22799,23892.0,0.22796,6500.0,0.228,23891.0,0.22795,29250.0,0.22801,23890.0,0.22794,6500.0,0.22802,58900.0,0.22793,1625.0,0.22803,23888.0,0.22792,5128.0,0.22804,95545.0,0.2279,23114.0,0.22805,95541.0,0.22788,13041.0,0.22806,71652.0,0.22786,8262.0,0.22807,76913.0,0.22785,1707.0,0.22808,58951.0,0.22784,42218.0,0.22811,4471.0,0.22783,1793.0,0.22813,16940.0,0.22782,5574.0,0.22816,3755.0,0.22781,3787.0,0.22817,3069.0,0.2278,222097.0,0.22818,27942.0,0.22779,9319.0,0.2282,42482.0,0.22778,4615.0,0.22821,19146.0,0.22777,860.0,0.22822,9755.0,0.22776,37794.0,0.22823,36491.0,0.22775,13583.0,0.22824,31334.0
1756904191.007824,1756904190494,1756904190494,0.22797,2304.0,0.22801,23890.0,0.22796,4875.0,0.22802,79112.0,0.22795,29250.0,0.22803,25353.0,0.22794,6500.0,0.22807,53030.0,0.22793,1625.0,0.22808,35069.0,0.22792,4631.0,0.22809,3242.0,0.2279,23114.0,0.22811,4471.0,0.22788,13041.0,0.22813,20085.0,0.22787,2683.0,0.22814,3755.0,0.22786,8262.0,0.22816,3755.0,0.22785,1707.0,0.22817,3069.0,0.22784,42218.0,0.22818,27942.0,0.22783,1793.0,0.2282,19445.0,0.22782,5574.0,0.22821,13146.0,0.22781,3787.0,0.22822,3755.0,0.2278,222097.0,0.22823,6310.0,0.22779,6791.0,0.22824,31334.0,0.22778,8328.0,0.22825,11209.0,0.22776,37794.0,0.22826,66713.0,0.22775,13583.0,0.22827,3758.0
1756904191.7364626,1756904191031,1756904191031,0.22796,4875.0,0.22797,119475.0,0.22795,29250.0,0.22803,2868.0,0.22794,6500.0,0.22807,3940.0,0.22793,1625.0,0.2281,35069.0,0.22792,1625.0,0.22811,4850.0,0.22791,6000.0,0.22813,20348.0,0.2279,23114.0,0.22814,3755.0,0.22789,6000.0,0.22816,3755.0,0.22788,8497.0,0.22818,3755.0,0.22787,5375.0,0.2282,5946.0,0.22786,10139.0,0.22821,13146.0,0.22785,12829.0,0.22822,203279.0,0.22784,64678.0,0.22823,3755.0,0.22783,1793.0,0.22824,31334.0,0.22782,5574.0,0.22825,11209.0,0.22781,96476.0,0.22826,66713.0,0.2278,222097.0,0.22827,3758.0,0.22779,6791.0,0.22829,3755.0,0.22778,13586.0,0.2283,13526.0,0.22776,13563.0,0.22831,5380.0
1756904192.0226734,1756904191607,1756904191607,0.22796,220100.0,0.22797,95580.0,0.22795,29250.0,0.22809,26212.0,0.22794,6500.0,0.22814,820.0,0.22793,7106.0,0.22823,2672.0,0.22792,21837.0,0.22826,2988.0,0.22791,6000.0,0.22827,3758.0,0.2279,28378.0,0.22828,35038.0,0.22789,6000.0,0.22829,3755.0,0.22788,3797.0,0.2283,3755.0,0.22787,7001.0,0.22832,3792.0,0.22786,10139.0,0.22833,10065.0,0.22785,12829.0,0.22834,39973.0,0.22784,29574.0,0.22835,3792.0,0.22783,11759.0,0.22837,24004.0,0.22782,5574.0,0.22838,11093.0,0.22781,74004.0,0.2284,3792.0,0.2278,222097.0,0.22842,3808.0,0.22779,3795.0,0.22843,4541.0,0.22778,13586.0,0.22844,72143.0,0.22776,10627.0,0.22845,11354.0
1756904192.624641,1756904192161,1756904192161,0.22812,30915.0,0.22823,2672.0,0.22811,30916.0,0.22825,20212.0,0.2281,30918.0,0.22829,3755.0,0.22809,30919.0,0.2283,4849.0,0.22808,11122.0,0.22832,3792.0,0.22804,20212.0,0.22833,10065.0,0.22803,19832.0,0.22834,83508.0,0.22801,19883.0,0.22835,4612.0,0.228,154601.0,0.22837,24004.0,0.22799,154665.0,0.22838,11703.0,0.22798,154670.0,0.2284,3792.0,0.22797,192347.0,0.22841,2188.0,0.22796,236998.0,0.22842,6788.0,0.22795,29250.0,0.22843,4541.0,0.22794,7596.0,0.22844,72143.0,0.22793,7106.0,0.22845,15740.0,0.22792,21837.0,0.22846,5430.0,0.2279,21668.0,0.22847,197346.0,0.22788,3797.0,0.22848,14930.0,0.22787,43874.0,0.22849,20212.0
1756904193.3748593,1756904192753,1756904192753,0.22826,30885.0,0.22831,2988.0,0.22825,30887.0,0.22833,2687.0,0.22824,30888.0,0.22834,2977.0,0.22823,30889.0,0.22836,35026.0,0.22818,11122.0,0.22837,3792.0,0.22817,2374.0,0.22838,3792.0,0.22816,20212.0,0.22839,35023.0,0.22813,41060.0,0.2284,3792.0,0.22812,103628.0,0.22842,6788.0,0.22811,30916.0,0.22843,7543.0,0.2281,30918.0,0.22844,5430.0,0.22809,30919.0,0.22845,15740.0,0.22808,16465.0,0.22846,5430.0,0.22807,6496.0,0.22847,197346.0,0.22804,20212.0,0.22848,14930.0,0.22803,36882.0,0.22849,20212.0,0.22801,25664.0,0.2285,10055.0,0.228,3755.0,0.22851,3804.0,0.22798,3755.0,0.22852,1621.0,0.22797,39694.0,0.22853,18082.0
