timestamp,price,size,side,exchange_timestamp
1756904112.7999077,208.98,1771.08,bid,1756904112363
1756904112.7999077,208.99,456.66,ask,1756904112363
1756904113.19153,208.98,1771.08,bid,1756904112468
1756904113.19153,208.99,503.88,ask,1756904112468
1756904113.19153,208.98,1771.08,bid,1756904112611
1756904113.19153,208.99,559.77,ask,1756904112611
1756904113.3337147,208.98,1770.7,bid,1756904112911
1756904113.3337147,208.99,559.77,ask,1756904112911
1756904113.6458025,208.98,1770.7,bid,1756904113305
1756904113.6458025,208.99,540.63,ask,1756904113305
1756904113.9587095,208.98,1770.7,bid,1756904113538
1756904113.9587095,208.99,554.27,ask,1756904113538
1756904114.04363,208.98,1770.7,bid,1756904113631
1756904114.04363,208.99,540.63,ask,1756904113631
1756904114.168723,208.98,1770.6,bid,1756904113704
1756904114.168723,208.99,559.77,ask,1756904113704
1756904114.168723,208.98,1772.99,bid,1756904113833
1756904114.168723,208.99,562.16,ask,1756904113833
1756904114.193394,208.98,1772.99,bid,1756904113916
1756904114.193394,208.99,559.77,ask,1756904113916
1756904114.4215822,208.98,1772.99,bid,1756904114062
1756904114.4215822,208.99,540.63,ask,1756904114062
1756904114.576629,208.98,1196.6,bid,1756904114117
1756904114.576629,208.99,540.63,ask,1756904114117
1756904114.6421604,208.98,1196.6,bid,1756904114302
1756904114.6421604,208.99,543.02,ask,1756904114302
1756904114.829322,208.98,751.6,bid,1756904114513
1756904114.829322,208.99,820.91,ask,1756904114513
1756904114.9005666,208.98,1145.67,bid,1756904114606
1756904114.9005666,208.99,807.02,ask,1756904114606
1756904115.16126,208.98,1145.67,bid,1756904114803
1756904115.16126,208.99,822.86,ask,1756904114803
1756904115.3020985,208.98,751.6,bid,1756904115005
1756904115.3020985,208.99,822.86,ask,1756904115005
1756904115.3420289,208.98,895.15,bid,1756904115066
1756904115.3420289,208.99,836.41,ask,1756904115066
1756904115.4271572,208.98,895.15,bid,1756904115123
1756904115.4271572,208.99,822.86,ask,1756904115123
1756904115.5779686,208.98,895.15,bid,1756904115208
1756904115.5779686,208.99,877.75,ask,1756904115208
1756904115.6239316,208.98,895.15,bid,1756904115273
1756904115.6239316,208.99,1389.46,ask,1756904115273
1756904115.6644723,208.98,751.6,bid,1756904115324
1756904115.6644723,208.99,1723.72,ask,1756904115324
1756904115.7196333,208.98,751.6,bid,1756904115410
1756904115.7196333,208.99,1709.65,ask,1756904115410
1756904115.8012135,208.98,751.6,bid,1756904115488
1756904115.8012135,208.99,1723.37,ask,1756904115488
1756904115.8536239,208.98,482.78,bid,1756904115579
1756904115.8536239,208.99,1831.59,ask,1756904115579
1756904116.0498428,208.98,47.02,bid,1756904115674
1756904116.0498428,208.99,3757.34,ask,1756904115674
1756904116.2747414,208.95,20.0,bid,1756904115799
1756904116.2747414,208.99,4003.41,ask,1756904115799
1756904116.2747414,208.95,20.0,bid,1756904115878
1756904116.2747414,208.96,837.47,ask,1756904115878
1756904116.2747414,208.95,20.0,bid,1756904115996
1756904116.2747414,208.96,1411.64,ask,1756904115996
1756904116.5236835,208.95,20.0,bid,1756904116054
1756904116.5236835,208.96,2600.18,ask,1756904116054
1756904116.5864594,208.95,115.71,bid,1756904116233
1756904116.5864594,208.96,2969.06,ask,1756904116233
1756904116.747484,208.95,115.71,bid,1756904116329
1756904116.747484,208.96,2960.36,ask,1756904116329
1756904116.7823324,208.95,500.64,bid,1756904116407
1756904116.7823324,208.96,2606.63,ask,1756904116407
1756904116.788053,208.95,500.64,bid,1756904116476
1756904116.788053,208.96,2608.01,ask,1756904116476
1756904116.885846,208.95,500.64,bid,1756904116604
1756904116.885846,208.96,2659.05,ask,1756904116604
1756904116.9142814,208.95,500.64,bid,1756904116716
1756904116.9142814,208.96,2898.79,ask,1756904116716
1756904117.0814593,208.95,471.56,bid,1756904116776
1756904117.0814593,208.96,2384.2,ask,1756904116776
1756904117.2679217,208.95,424.53,bid,1756904116846
1756904117.2679217,208.96,2384.2,ask,1756904116846
1756904117.3007345,208.95,424.53,bid,1756904116994
1756904117.3007345,208.96,2398.12,ask,1756904116994
1756904117.384004,208.95,424.53,bid,1756904117051
1756904117.384004,208.96,2384.2,ask,1756904117051
1756904117.4853961,208.95,500.64,bid,1756904117199
1756904117.4853961,208.96,2501.03,ask,1756904117199
1756904117.5697432,208.95,500.64,bid,1756904117284
1756904117.5697432,208.96,2517.07,ask,1756904117284
1756904117.9701269,208.95,500.64,bid,1756904117392
1756904117.9701269,208.96,2518.24,ask,1756904117392
1756904118.5628932,208.95,500.64,bid,1756904117474
1756904118.5628932,208.96,2504.47,ask,1756904117474
1756904118.5628932,208.95,689.94,bid,1756904117776
1756904118.5628932,208.96,2252.19,ask,1756904117776
1756904118.5628932,208.95,689.94,bid,1756904117887
1756904118.5628932,208.96,2205.81,ask,1756904117887
1756904118.5654123,208.95,689.94,bid,1756904117942
1756904118.5654123,208.96,2193.52,ask,1756904117942
1756904118.5654123,208.95,689.94,bid,1756904118000
1756904118.5654123,208.96,2225.19,ask,1756904118000
1756904118.5654123,208.95,989.05,bid,1756904118094
1756904118.5654123,208.96,1947.64,ask,1756904118094
1756904118.5654123,208.95,989.05,bid,1756904118142
1756904118.5654123,208.96,1862.34,ask,1756904118142
1756904118.7574914,208.95,989.05,bid,1756904118305
1756904118.7574914,208.96,1832.63,ask,1756904118305
1756904118.8186383,208.95,989.05,bid,1756904118407
1756904118.8186383,208.96,1948.96,ask,1756904118407
1756904118.9465356,208.95,833.51,bid,1756904118478
1756904118.9465356,208.96,1964.73,ask,1756904118478
1756904118.9465356,208.95,833.51,bid,1756904118535
1756904118.9465356,208.96,1857.36,ask,1756904118535
1756904119.0058162,208.95,833.51,bid,1756904118695
1756904119.0058162,208.96,1876.5,ask,1756904118695
1756904119.0418706,208.95,833.51,bid,1756904118828
1756904119.0418706,208.96,1890.37,ask,1756904118828
1756904119.1871617,208.95,1131.69,bid,1756904118850
1756904119.1871617,208.96,1876.5,ask,1756904118850
1756904119.2636523,208.95,988.12,bid,1756904118910
1756904119.2636523,208.96,1279.75,ask,1756904118910
1756904119.4339566,208.95,1125.63,bid,1756904119029
1756904119.4339566,208.96,406.8,ask,1756904119029
1756904119.5143535,208.95,1187.66,bid,1756904119078
1756904119.5143535,208.96,169.24,ask,1756904119078
1756904119.5715146,208.95,2003.0,bid,1756904119140
1756904119.5715146,208.96,167.86,ask,1756904119140
1756904119.6732447,208.95,2069.77,bid,1756904119220
1756904119.6732447,208.96,14.06,ask,1756904119220
1756904119.7213538,208.95,2643.8,bid,1756904119360
1756904119.7213538,208.97,16.09,ask,1756904119360
1756904119.863947,208.96,1451.6,bid,1756904119502
1756904119.863947,208.97,16.09,ask,1756904119502
1756904120.1473114,208.96,1688.59,bid,1756904119561
1756904120.1473114,208.97,16.09,ask,1756904119561
1756904120.1602063,208.96,5134.59,bid,1756904119747
1756904120.1602063,208.97,16.09,ask,1756904119747
1756904120.193024,208.96,6261.93,bid,1756904119851
1756904120.193024,208.99,85.79,ask,1756904119851
1756904120.3106716,208.98,299.68,bid,1756904119906
1756904120.3106716,208.99,88.18,ask,1756904119906
1756904120.3106716,208.98,351.6,bid,1756904119969
1756904120.3106716,208.99,395.07,ask,1756904119969
1756904120.5561264,208.98,449.34,bid,1756904120027
1756904120.5561264,208.99,395.07,ask,1756904120027
1756904120.652321,208.98,2579.35,bid,1756904120244
1756904120.652321,208.99,457.34,ask,1756904120244
1756904120.7330868,208.98,2720.98,bid,1756904120368
1756904120.7330868,208.99,396.68,ask,1756904120368
1756904120.963317,208.98,3617.87,bid,1756904120531
1756904120.963317,208.99,363.19,ask,1756904120531
1756904121.0394754,208.98,3479.65,bid,1756904120659
1756904121.0394754,208.99,309.35,ask,1756904120659
1756904121.145009,208.98,3212.48,bid,1756904120853
1756904121.145009,208.99,339.82,ask,1756904120853
1756904121.3059072,208.98,3063.85,bid,1756904120928
1756904121.3059072,208.99,339.82,ask,1756904120928
1756904121.354593,208.98,3066.24,bid,1756904120995
1756904121.354593,208.99,358.96,ask,1756904120995
1756904121.4601765,208.98,2920.98,bid,1756904121074
1756904121.4601765,208.99,339.82,ask,1756904121074
1756904121.6280396,208.98,2920.98,bid,1756904121206
1756904121.6280396,208.99,353.28,ask,1756904121206
1756904121.655911,208.98,2920.98,bid,1756904121354
1756904121.655911,208.99,347.15,ask,1756904121354
1756904121.8513253,208.98,2920.98,bid,1756904121465
1756904121.8513253,208.99,359.73,ask,1756904121465
1756904121.9212096,208.98,2633.93,bid,1756904121555
1756904121.9212096,208.99,359.73,ask,1756904121555
1756904122.0756407,208.98,2633.93,bid,1756904121626
1756904122.0756407,208.99,348.66,ask,1756904121626
1756904122.103805,208.98,2633.93,bid,1756904121799
1756904122.103805,208.99,394.41,ask,1756904121799
1756904122.1401105,208.98,2633.93,bid,1756904121852
1756904122.1401105,208.99,403.97,ask,1756904121852
1756904122.1885574,208.98,2607.97,bid,1756904121933
1756904122.1885574,208.99,403.97,ask,1756904121933
1756904122.3190632,208.98,2607.97,bid,1756904121992
1756904122.3190632,208.99,343.78,ask,1756904121992
1756904122.3750312,208.98,2607.97,bid,1756904122049
1756904122.3750312,208.99,298.03,ask,1756904122049
1756904122.5251248,208.98,2607.97,bid,1756904122148
1756904122.5251248,208.99,339.58,ask,1756904122148
1756904122.6180744,208.98,2033.92,bid,1756904122264
1756904122.6180744,208.99,339.58,ask,1756904122264
1756904122.6180744,208.98,2003.0,bid,1756904122316
1756904122.6180744,208.99,339.58,ask,1756904122316
1756904122.9371266,208.98,2003.0,bid,1756904122471
1756904122.9371266,208.99,353.69,ask,1756904122471
1756904123.3584495,208.98,2577.1,bid,1756904122653
1756904123.3584495,208.99,380.23,ask,1756904122653
1756904123.3594997,208.98,2574.71,bid,1756904122725
1756904123.3594997,208.99,380.23,ask,1756904122725
1756904123.3594997,208.98,1894.59,bid,1756904122844
1756904123.3594997,208.99,380.23,ask,1756904122844
1756904123.3594997,208.98,1789.56,bid,1756904122971
1756904123.3594997,208.99,380.23,ask,1756904122971
1756904123.5201898,208.98,2363.64,bid,1756904123111
1756904123.5201898,208.99,380.23,ask,1756904123111
1756904123.7817318,208.98,2363.64,bid,1756904123394
1756904123.7817318,208.99,346.76,ask,1756904123394
1756904123.8961668,208.98,2363.66,bid,1756904123570
1756904123.8961668,208.99,384.3,ask,1756904123570
1756904123.9258862,208.98,1789.56,bid,1756904123647
1756904123.9258862,208.99,389.81,ask,1756904123647
1756904124.2012482,208.98,2363.66,bid,1756904123786
1756904124.2012482,208.99,389.81,ask,1756904123786
1756904124.407747,208.98,2363.66,bid,1756904123847
1756904124.407747,208.99,385.76,ask,1756904123847
1756904124.407747,208.98,2650.71,bid,1756904123948
1756904124.407747,208.99,385.76,ask,1756904123948
1756904124.407747,208.98,2650.71,bid,1756904123999
1756904124.407747,208.99,356.76,ask,1756904123999
1756904124.407747,208.98,2650.54,bid,1756904124061
1756904124.407747,208.99,356.76,ask,1756904124061
1756904124.6445472,208.98,2650.54,bid,1756904124216
1756904124.6445472,208.99,376.7,ask,1756904124216
1756904124.7683387,208.98,2363.48,bid,1756904124352
1756904124.7683387,208.99,381.79,ask,1756904124352
1756904124.8306103,208.98,2363.48,bid,1756904124431
1756904124.8306103,208.99,405.7,ask,1756904124431
1756904124.8766057,208.98,1789.39,bid,1756904124554
1756904124.8766057,208.99,405.7,ask,1756904124554
1756904124.9457762,208.98,2363.48,bid,1756904124624
1756904124.9457762,208.99,451.85,ask,1756904124624
1756904124.9917028,208.98,2363.48,bid,1756904124771
1756904124.9917028,208.99,407.19,ask,1756904124771
1756904125.2070835,208.98,2650.53,bid,1756904124846
1756904125.2070835,208.99,393.37,ask,1756904124846
1756904125.4910483,208.98,2650.53,bid,1756904125024
1756904125.4910483,208.99,396.62,ask,1756904125024
1756904125.5280962,208.98,2650.53,bid,1756904125135
1756904125.5280962,208.99,420.53,ask,1756904125135
1756904125.5950317,208.98,2650.53,bid,1756904125226
1756904125.5950317,208.99,434.09,ask,1756904125226
1756904125.765404,208.98,2363.48,bid,1756904125426
1756904125.765404,208.99,406.17,ask,1756904125426
1756904126.0773277,208.98,2650.52,bid,1756904125798
1756904126.0773277,208.99,355.67,ask,1756904125798
1756904126.1608956,208.98,2650.52,bid,1756904125856
1756904126.1608956,208.99,322.2,ask,1756904125856
1756904126.747453,208.98,2650.52,bid,1756904126124
1756904126.747453,208.99,308.15,ask,1756904126124
1756904128.693647,208.98,2675.52,bid,1756904126661
1756904128.693647,208.99,308.15,ask,1756904126661
1756904128.6991887,208.98,3587.29,bid,1756904126851
1756904128.6991887,208.99,258.19,ask,1756904126851
1756904128.7063515,208.98,3587.29,bid,1756904127045
1756904128.7063515,208.99,221.44,ask,1756904127045
1756904128.7215707,208.98,3013.2,bid,1756904127170
1756904128.7215707,208.99,221.44,ask,1756904127170
1756904129.059978,208.98,2726.16,bid,1756904127291
1756904129.059978,208.99,221.44,ask,1756904127291
1756904129.059978,208.98,2701.16,bid,1756904127631
1756904129.059978,208.99,221.44,ask,1756904127631
1756904129.062487,208.98,2291.29,bid,1756904127871
1756904129.062487,208.99,270.18,ask,1756904127871
1756904129.4779048,208.98,690.18,bid,1756904127948
1756904129.4779048,208.99,889.23,ask,1756904127948
1756904129.47893,208.98,690.18,bid,1756904128056
1756904129.47893,208.99,887.82,ask,1756904128056
1756904129.47893,208.98,498.93,bid,1756904128171
1756904129.47893,208.99,1053.64,ask,1756904128171
1756904129.4800036,208.98,498.93,bid,1756904128276
1756904129.4800036,208.99,1399.02,ask,1756904128276
1756904129.4800036,208.98,451.91,bid,1756904128340
1756904129.4800036,208.99,1781.75,ask,1756904128340
1756904129.4800036,208.98,166.91,bid,1756904128450
1756904129.4800036,208.99,2374.83,ask,1756904128450
1756904129.4805264,208.98,29.42,bid,1756904128513
1756904129.4805264,208.99,2135.05,ask,1756904128513
1756904129.4805264,208.98,345.26,bid,1756904128645
1756904129.4805264,208.99,1259.19,ask,1756904128645
1756904129.6828318,208.98,851.88,bid,1756904128879
1756904129.6828318,208.99,689.62,ask,1756904128879
1756904129.6828318,208.98,851.88,bid,1756904129085
1756904129.6828318,208.99,682.47,ask,1756904129085
1756904129.789822,208.98,621.75,bid,1756904129149
1756904129.789822,208.99,717.87,ask,1756904129149
1756904129.7903707,208.98,623.45,bid,1756904129288
1756904129.7903707,208.99,536.76,ask,1756904129288
1756904130.032722,208.98,490.51,bid,1756904129420
1756904130.032722,208.99,619.74,ask,1756904129420
1756904130.032722,208.98,490.51,bid,1756904129668
1756904130.032722,208.99,737.76,ask,1756904129668
1756904130.1403534,208.98,490.51,bid,1756904129732
1756904130.1403534,208.99,751.53,ask,1756904129732
1756904130.257993,208.98,490.51,bid,1756904129832
1756904130.257993,208.99,1588.07,ask,1756904129832
1756904130.5008814,208.98,490.51,bid,1756904130089
1756904130.5008814,208.99,1575.14,ask,1756904130089
1756904130.5772836,208.98,490.51,bid,1756904130264
1756904130.5772836,208.99,1561.07,ask,1756904130264
1756904130.8027544,208.98,490.45,bid,1756904130384
1756904130.8027544,208.99,1561.07,ask,1756904130384
1756904130.8033068,208.98,490.45,bid,1756904130480
1756904130.8033068,208.99,1785.98,ask,1756904130480
1756904130.8502226,208.98,490.45,bid,1756904130536
1756904130.8502226,208.99,1824.24,ask,1756904130536
1756904130.925073,208.98,490.45,bid,1756904130593
1756904130.925073,208.99,1840.15,ask,1756904130593
1756904131.0457532,208.98,490.45,bid,1756904130736
1756904131.0457532,208.99,1886.0,ask,1756904130736
1756904131.4836078,208.98,490.45,bid,1756904131051
1756904131.4836078,208.99,1895.92,ask,1756904131051
1756904131.5176544,208.98,490.45,bid,1756904131209
1756904131.5176544,208.99,1883.18,ask,1756904131209
1756904131.586491,208.98,490.45,bid,1756904131301
1756904131.586491,208.99,1897.04,ask,1756904131301
1756904131.7886438,208.98,490.45,bid,1756904131415
1756904131.7886438,208.99,1897.28,ask,1756904131415
1756904131.9559212,208.98,490.45,bid,1756904131622
1756904131.9559212,208.99,1888.55,ask,1756904131622
1756904132.1167483,208.98,490.45,bid,1756904131852
1756904132.1167483,208.99,1892.6,ask,1756904131852
1756904132.3047757,208.98,490.45,bid,1756904131979
1756904132.3047757,208.99,1906.37,ask,1756904131979
1756904132.4395545,208.98,489.08,bid,1756904132053
1756904132.4395545,208.99,1920.11,ask,1756904132053
1756904132.5994008,208.98,489.08,bid,1756904132287
1756904132.5994008,208.99,1917.44,ask,1756904132287
1756904132.6695921,208.98,489.08,bid,1756904132374
1756904132.6695921,208.99,1982.11,ask,1756904132374
1756904132.817441,208.98,489.08,bid,1756904132553
1756904132.817441,208.99,2018.79,ask,1756904132553
1756904133.2074473,208.98,489.08,bid,1756904132611
1756904133.2074473,208.99,2305.83,ask,1756904132611
1756904133.2074473,208.98,343.83,bid,1756904132699
1756904133.2074473,208.99,2049.7,ask,1756904132699
1756904133.4863594,208.98,296.81,bid,1756904132911
1756904133.4863594,208.99,2119.35,ask,1756904132911
1756904133.4863594,208.98,296.81,bid,1756904132964
1756904133.4863594,208.99,2132.93,ask,1756904132964
1756904133.486891,208.98,296.81,bid,1756904133029
1756904133.486891,208.99,2121.7,ask,1756904133029
1756904133.7314785,208.98,296.81,bid,1756904133216
1756904133.7314785,208.99,2466.37,ask,1756904133216
1756904133.7861578,208.98,296.81,bid,1756904133333
1756904133.7861578,208.99,2470.42,ask,1756904133333
1756904133.903664,208.98,296.81,bid,1756904133509
1756904133.903664,208.99,2471.41,ask,1756904133509
1756904133.993219,208.98,296.81,bid,1756904133573
1756904133.993219,208.99,2514.57,ask,1756904133573
1756904134.0043674,208.98,296.81,bid,1756904133636
1756904134.0043674,208.99,2514.37,ask,1756904133636
1756904134.1031888,208.98,296.81,bid,1756904133773
1756904134.1031888,208.99,2438.58,ask,1756904133773
1756904134.150496,208.98,296.81,bid,1756904133824
1756904134.150496,208.99,2462.72,ask,1756904133824
1756904134.4422832,208.98,296.7,bid,1756904134066
1756904134.4422832,208.99,2524.27,ask,1756904134066
1756904134.564026,208.98,296.7,bid,1756904134194
1756904134.564026,208.99,2480.24,ask,1756904134194
1756904134.713144,208.98,296.7,bid,1756904134368
1756904134.713144,208.99,2466.72,ask,1756904134368
1756904134.7326205,208.98,296.7,bid,1756904134425
1756904134.7326205,208.99,2179.69,ask,1756904134425
1756904134.872927,208.98,296.7,bid,1756904134595
1756904134.872927,208.99,2175.64,ask,1756904134595
1756904135.2216861,208.98,296.7,bid,1756904134793
1756904135.2216861,208.99,2160.55,ask,1756904134793
1756904135.6282856,208.98,296.7,bid,1756904134923
1756904135.6282856,208.99,2160.45,ask,1756904134923
1756904135.85526,208.98,296.7,bid,1756904135343
1756904135.85526,208.99,2179.59,ask,1756904135343
1756904135.85526,208.98,296.7,bid,1756904135527
1756904135.85526,208.99,2179.65,ask,1756904135527
1756904135.9997451,208.98,296.7,bid,1756904135582
1756904135.9997451,208.99,2175.6,ask,1756904135582
1756904135.9997451,208.98,296.7,bid,1756904135659
1756904135.9997451,208.99,2179.65,ask,1756904135659
1756904136.0815957,208.98,296.7,bid,1756904135781
1756904136.0815957,208.99,2251.04,ask,1756904135781
1756904136.2585998,208.98,296.7,bid,1756904135861
1756904136.2585998,208.99,2246.99,ask,1756904135861
1756904136.3805568,208.98,296.7,bid,1756904136048
1756904136.3805568,208.99,2480.22,ask,1756904136048
1756904136.4120722,208.98,296.7,bid,1756904136064
1756904136.4120722,208.99,2524.23,ask,1756904136064
1756904136.5241148,208.98,296.7,bid,1756904136252
1756904136.5241148,208.99,2476.39,ask,1756904136252
1756904136.8628755,208.98,296.7,bid,1756904136453
1756904136.8628755,208.99,2432.87,ask,1756904136453
1756904136.8752308,208.98,296.7,bid,1756904136534
1756904136.8752308,208.99,2476.39,ask,1756904136534
1756904136.9900725,208.98,296.7,bid,1756904136624
1756904136.9900725,208.99,2520.18,ask,1756904136624
1756904137.2366412,208.98,296.7,bid,1756904136834
1756904137.2366412,208.99,2534.21,ask,1756904136834
1756904137.319567,208.98,296.7,bid,1756904136894
1756904137.319567,208.99,2538.26,ask,1756904136894
1756904137.3642392,208.98,296.7,bid,1756904137033
1756904137.3642392,208.99,2537.45,ask,1756904137033
1756904137.6763597,208.98,296.7,bid,1756904137338
1756904137.6763597,208.99,2533.4,ask,1756904137338
1756904137.8288739,208.98,296.7,bid,1756904137441
1756904137.8288739,208.99,2572.09,ask,1756904137441
1756904137.904741,208.98,296.7,bid,1756904137580
1756904137.904741,208.99,2576.14,ask,1756904137580
1756904138.4548728,208.98,296.7,bid,1756904138020
1756904138.4548728,208.99,2574.06,ask,1756904138020
1756904138.5588667,208.98,296.7,bid,1756904138133
1756904138.5588667,208.99,3244.52,ask,1756904138133
1756904138.6025195,208.98,123.58,bid,1756904138202
1756904138.6025195,208.99,3276.75,ask,1756904138202
1756904138.6138868,208.98,95.7,bid,1756904138314
1756904138.6138868,208.99,3398.77,ask,1756904138314
1756904138.6687615,208.95,10.43,bid,1756904138411
1756904138.6687615,208.99,3610.34,ask,1756904138411
1756904138.8626788,208.95,10.43,bid,1756904138548
1756904138.8626788,208.96,340.73,ask,1756904138548
1756904139.0013094,208.95,10.43,bid,1756904138681
1756904139.0013094,208.96,1729.18,ask,1756904138681
1756904139.1677382,208.95,10.43,bid,1756904138749
1756904139.1677382,208.96,1905.25,ask,1756904138749
1756904139.1677382,208.95,154.0,bid,1756904138883
1756904139.1677382,208.96,1669.83,ask,1756904138883
1756904139.549853,208.95,773.79,bid,1756904139069
1756904139.549853,208.96,1367.93,ask,1756904139069
1756904139.646015,208.95,892.0,bid,1756904139228
1756904139.646015,208.96,1041.84,ask,1756904139228
1756904139.646015,208.95,892.0,bid,1756904139341
1756904139.646015,208.96,1065.75,ask,1756904139341
1756904139.758492,208.95,892.0,bid,1756904139443
1756904139.758492,208.96,836.03,ask,1756904139443
1756904139.8909426,208.95,864.11,bid,1756904139534
1756904139.8909426,208.96,783.41,ask,1756904139534
1756904140.0753007,208.95,817.08,bid,1756904139605
1756904140.0753007,208.96,940.49,ask,1756904139605
1756904140.1774323,208.95,817.08,bid,1756904139796
1756904140.1774323,208.96,940.86,ask,1756904139796
1756904140.3247647,208.95,817.08,bid,1756904139851
1756904140.3247647,208.96,955.22,ask,1756904139851
1756904140.40609,208.95,590.62,bid,1756904140032
1756904140.40609,208.96,1030.92,ask,1756904140032
1756904140.6738946,208.95,590.62,bid,1756904140173
1756904140.6738946,208.96,1057.93,ask,1756904140173
1756904140.6738946,208.95,368.81,bid,1756904140225
1756904140.6738946,208.96,2573.22,ask,1756904140225
1756904140.8356063,208.95,148.63,bid,1756904140460
1756904140.8356063,208.96,3032.43,ask,1756904140460
1756904140.8588555,208.9,19.57,bid,1756904140506
1756904140.8588555,208.96,3305.9,ask,1756904140506
1756904140.9017422,208.9,21.03,bid,1756904140640
1756904140.9017422,208.91,574.37,ask,1756904140640
1756904141.0378506,208.9,21.03,bid,1756904140741
1756904141.0378506,208.91,779.42,ask,1756904140741
1756904141.1875653,208.9,21.03,bid,1756904140776
1756904141.1875653,208.91,904.94,ask,1756904140776
1756904141.2213833,208.9,200.41,bid,1756904140822
1756904141.2213833,208.91,809.04,ask,1756904140822
1756904141.3060248,208.9,345.85,bid,1756904140925
1756904141.3060248,208.91,882.57,ask,1756904140925
1756904141.3646617,208.9,494.3,bid,1756904141064
1756904141.3646617,208.91,549.71,ask,1756904141064
1756904141.6940854,208.9,590.04,bid,1756904141305
1756904141.6940854,208.91,229.98,ask,1756904141305
1756904141.91728,208.9,541.12,bid,1756904141392
1756904141.91728,208.91,203.24,ask,1756904141392
1756904141.9683816,208.9,775.02,bid,1756904141476
1756904141.9683816,208.91,286.01,ask,1756904141476
1756904142.0516334,208.9,414.19,bid,1756904141710
1756904142.0516334,208.91,358.01,ask,1756904141710
1756904142.1925597,208.9,414.19,bid,1756904141855
1756904142.1925597,208.91,371.68,ask,1756904141855
1756904142.4494975,208.9,461.23,bid,1756904141991
1756904142.4494975,208.91,420.54,ask,1756904141991
1756904142.5005934,208.9,489.12,bid,1756904142071
1756904142.5005934,208.91,430.35,ask,1756904142071
1756904142.580256,208.9,489.12,bid,1756904142120
1756904142.580256,208.91,446.68,ask,1756904142120
1756904142.9288142,208.9,976.54,bid,1756904142458
1756904142.9288142,208.91,380.67,ask,1756904142458
1756904142.9696817,208.9,1120.15,bid,1756904142557
1756904142.9696817,208.91,292.34,ask,1756904142557
1756904143.1464872,208.9,1120.15,bid,1756904142662
1756904143.1464872,208.91,261.24,ask,1756904142662
1756904144.0522814,208.9,715.69,bid,1756904142988
1756904144.0522814,208.91,261.24,ask,1756904142988
1756904144.0522814,208.9,489.12,bid,1756904143163
1756904144.0522814,208.91,262.62,ask,1756904143163
1756904144.0522814,208.9,1063.53,bid,1756904143403
1756904144.0522814,208.91,262.62,ask,1756904143403
1756904144.0522814,208.9,489.24,bid,1756904143481
1756904144.0522814,208.91,262.62,ask,1756904143481
1756904144.297569,208.9,946.2,bid,1756904143582
1756904144.297569,208.91,262.62,ask,1756904143582
1756904144.297569,208.9,1520.48,bid,1756904143715
1756904144.297569,208.91,253.05,ask,1756904143715
1756904144.2980757,208.9,1669.14,bid,1756904143845
1756904144.2980757,208.91,229.13,ask,1756904143845
1756904144.317311,208.9,1669.14,bid,1756904143928
1756904144.317311,208.91,209.99,ask,1756904143928
1756904144.5494208,208.9,1734.87,bid,1756904144163
1756904144.5494208,208.91,209.99,ask,1756904144163
1756904144.5494208,208.9,2211.35,bid,1756904144192
1756904144.5494208,208.91,139.48,ask,1756904144192
1756904144.6761777,208.9,1613.12,bid,1756904144396
1756904144.6761777,208.91,163.4,ask,1756904144396
1756904144.757028,208.9,1325.97,bid,1756904144445
1756904144.757028,208.91,163.4,ask,1756904144445
1756904144.8546104,208.9,1325.97,bid,1756904144521
1756904144.8546104,208.91,194.54,ask,1756904144521
1756904144.9423516,208.9,1012.62,bid,1756904144604
1756904144.9423516,208.91,195.92,ask,1756904144604
1756904145.1387804,208.9,869.01,bid,1756904144738
1756904145.1387804,208.91,316.25,ask,1756904144738
1756904145.1676452,208.9,869.01,bid,1756904144853
1756904145.1676452,208.91,262.28,ask,1756904144853
1756904145.3849316,208.9,869.01,bid,1756904145001
1756904145.3849316,208.91,260.9,ask,1756904145001
1756904145.5520923,208.9,869.01,bid,1756904145186
1756904145.5520923,208.91,274.4,ask,1756904145186
1756904145.9232445,208.9,1012.62,bid,1756904145539
1756904145.9232445,208.91,285.35,ask,1756904145539
1756904146.1396637,208.9,869.01,bid,1756904145694
1756904146.1396637,208.91,285.35,ask,1756904145694
1756904146.1769285,208.9,869.01,bid,1756904145765
1756904146.1769285,208.91,271.85,ask,1756904145765
1756904146.4192677,208.9,869.01,bid,1756904146037
1756904146.4192677,208.91,334.54,ask,1756904146037
1756904146.5601048,208.9,869.01,bid,1756904146191
1756904146.5601048,208.91,348.49,ask,1756904146191
1756904146.6780767,208.9,869.01,bid,1756904146323
1756904146.6780767,208.91,334.54,ask,1756904146323
1756904147.4845293,208.9,869.01,bid,1756904147124
1756904147.4845293,208.91,354.11,ask,1756904147124
1756904147.5640972,208.9,869.01,bid,1756904147185
1756904147.5640972,208.91,414.0,ask,1756904147185
1756904147.6590812,208.9,869.01,bid,1756904147319
1756904147.6590812,208.91,443.72,ask,1756904147319
1756904147.7061536,208.9,869.01,bid,1756904147402
1756904147.7061536,208.91,671.7,ask,1756904147402
1756904147.8387268,208.9,1125.19,bid,1756904147530
1756904147.8387268,208.91,623.55,ask,1756904147530
1756904147.8727884,208.9,1125.19,bid,1756904147588
1756904147.8727884,208.91,647.47,ask,1756904147588
1756904148.736109,208.9,868.91,bid,1756904148024
1756904148.736109,208.91,647.2,ask,1756904148024
1756904148.9542003,208.9,868.91,bid,1756904148461
1756904148.9542003,208.91,672.2,ask,1756904148461
1756904148.9542003,208.9,868.91,bid,1756904148530
1756904148.9542003,208.91,701.92,ask,1756904148530
1756904149.0112612,208.9,720.25,bid,1756904148596
1756904149.0112612,208.91,744.71,ask,1756904148596
1756904149.1270244,208.9,575.06,bid,1756904148758
1756904149.1270244,208.91,790.87,ask,1756904148758
1756904149.1758072,208.9,575.06,bid,1756904148759
1756904149.1758072,208.91,776.85,ask,1756904148759
1756904149.2943425,208.9,575.06,bid,1756904148929
1756904149.2943425,208.91,790.42,ask,1756904148929
1756904149.4361122,208.9,528.02,bid,1756904149097
1756904149.4361122,208.91,923.78,ask,1756904149097
1756904149.5972264,208.9,528.02,bid,1756904149148
1756904149.5972264,208.91,1148.38,ask,1756904149148
1756904149.644312,208.9,528.02,bid,1756904149305
1756904149.644312,208.91,1135.88,ask,1756904149305
1756904150.2315323,208.9,528.02,bid,1756904149850
1756904150.2315323,208.91,1256.26,ask,1756904149850
1756904150.2702181,208.9,528.02,bid,1756904149936
1756904150.2702181,208.91,1268.56,ask,1756904149936
1756904150.5279007,208.9,338.69,bid,1756904150030
1756904150.5279007,208.91,1270.65,ask,1756904150030
1756904150.675648,208.9,0.12,bid,1756904150205
1756904150.675648,208.91,1684.79,ask,1756904150205
1756904150.7996035,208.9,0.12,bid,1756904150347
1756904150.7996035,208.91,1713.5,ask,1756904150347
1756904150.8001368,208.9,0.12,bid,1756904150406
1756904150.8001368,208.91,1896.07,ask,1756904150406
1756904151.0924892,208.9,0.12,bid,1756904150688
1756904151.0924892,208.91,1915.21,ask,1756904150688
1756904151.6667514,208.86,572.56,bid,1756904151090
1756904151.6667514,208.91,2394.23,ask,1756904151090
1756904151.668299,208.86,572.56,bid,1756904151203
1756904151.668299,208.87,800.55,ask,1756904151203
1756904151.8610017,208.86,572.56,bid,1756904151360
1756904151.8610017,208.87,1051.21,ask,1756904151360
1756904151.8610017,208.86,572.56,bid,1756904151466
1756904151.8610017,208.87,1146.95,ask,1756904151466
1756904151.8630078,208.86,572.56,bid,1756904151491
1756904151.8630078,208.87,1230.34,ask,1756904151491
1756904152.022083,208.86,1078.85,bid,1756904151677
1756904152.022083,208.87,804.66,ask,1756904151677
1756904152.1169233,208.86,1511.26,bid,1756904151786
1756904152.1169233,208.87,829.33,ask,1756904151786
1756904152.1601012,208.86,1536.26,bid,1756904151838
1756904152.1601012,208.87,775.71,ask,1756904151838
1756904152.2358432,208.86,1536.26,bid,1756904151949
1756904152.2358432,208.87,722.02,ask,1756904151949
1756904152.3308132,208.86,2130.09,bid,1756904152034
1756904152.3308132,208.87,457.97,ask,1756904152034
1756904152.3842852,208.86,2598.72,bid,1756904152097
1756904152.3842852,208.87,428.2,ask,1756904152097
1756904152.573784,208.86,2638.12,bid,1756904152225
1756904152.573784,208.87,321.97,ask,1756904152225
1756904152.8512874,208.86,2802.47,bid,1756904152299
1756904152.8512874,208.87,296.03,ask,1756904152299
1756904152.8512874,208.86,2255.0,bid,1756904152433
1756904152.8512874,208.87,56.65,ask,1756904152433
1756904152.8915083,208.86,2397.81,bid,1756904152565
1756904152.8915083,208.87,56.65,ask,1756904152565
1756904152.9143243,208.86,2997.21,bid,1756904152644
1756904152.9143243,208.87,56.65,ask,1756904152644
1756904153.2141497,208.86,2425.2,bid,1756904152757
1756904153.2141497,208.87,56.65,ask,1756904152757
1756904153.6231713,208.86,2573.88,bid,1756904152827
1756904153.6231713,208.87,13.86,ask,1756904152827
1756904153.6236887,208.86,2587.31,bid,1756904153181
1756904153.6236887,208.89,488.87,ask,1756904153181
1756904154.1461372,208.88,1212.15,bid,1756904153341
1756904154.1461372,208.89,488.87,ask,1756904153341
1756904154.1508229,208.88,2066.3,bid,1756904153470
1756904154.1508229,208.89,423.6,ask,1756904153470
1756904154.1513367,208.88,2384.41,bid,1756904153538
1756904154.1513367,208.89,1.38,ask,1756904153538
1756904154.1513367,208.88,3101.51,bid,1756904153617
1756904154.1513367,208.89,1.38,ask,1756904153617
1756904154.1513367,208.88,3704.37,bid,1756904153698
1756904154.1513367,208.89,1.38,ask,1756904153698
1756904154.1528902,208.88,3833.46,bid,1756904153768
1756904154.1528902,208.89,1.38,ask,1756904153768
1756904154.3904996,208.88,3673.26,bid,1756904153831
1756904154.3904996,208.89,15.24,ask,1756904153831
1756904154.3946629,208.88,3638.26,bid,1756904153897
1756904154.3946629,208.89,15.24,ask,1756904153897
1756904154.3946629,208.88,3239.6,bid,1756904153988
1756904154.3946629,208.89,15.24,ask,1756904153988
1756904154.5569272,208.88,3542.54,bid,1756904154095
1756904154.5569272,208.89,15.24,ask,1756904154095
1756904154.6062374,208.88,3205.13,bid,1756904154180
1756904154.6062374,208.89,15.24,ask,1756904154180
1756904154.6067536,208.88,2687.38,bid,1756904154281
1756904154.6067536,208.89,13.86,ask,1756904154281
1756904154.6889327,208.88,2296.13,bid,1756904154400
1756904154.6889327,208.89,13.86,ask,1756904154400
1756904154.989989,208.88,2155.51,bid,1756904154441
1756904154.989989,208.89,13.86,ask,1756904154441
1756904154.989989,208.88,1966.17,bid,1756904154584
1756904154.989989,208.89,13.86,ask,1756904154584
1756904154.989989,208.88,1966.07,bid,1756904154667
1756904154.989989,208.89,38.91,ask,1756904154667
1756904155.0471797,208.88,1966.07,bid,1756904154734
1756904155.0471797,208.89,62.83,ask,1756904154734
1756904155.1614442,208.88,1965.71,bid,1756904154842
1756904155.1614442,208.89,62.83,ask,1756904154842
1756904155.921714,208.88,1937.28,bid,1756904155451
1756904155.921714,208.89,62.83,ask,1756904155451
1756904156.0597546,208.88,1937.28,bid,1756904155796
1756904156.0597546,208.89,72.4,ask,1756904155796
1756904156.6899471,208.88,2224.46,bid,1756904156345
1756904156.6899471,208.89,72.4,ask,1756904156345
1756904156.9571507,208.88,2224.46,bid,1756904156491
1756904156.9571507,208.89,38.91,ask,1756904156491
1756904156.9571507,208.88,2361.1,bid,1756904156547
1756904156.9571507,208.89,38.91,ask,1756904156547
1756904157.157086,208.88,2361.1,bid,1756904156896
1756904157.157086,208.89,13.86,ask,1756904156896
1756904157.4660585,208.88,2361.1,bid,1756904157095
1756904157.4660585,208.89,9.38,ask,1756904157095
1756904157.6372874,208.88,2386.1,bid,1756904157361
1756904157.6372874,208.89,9.38,ask,1756904157361
1756904158.0293038,208.88,2420.95,bid,1756904157619
1756904158.0293038,208.89,9.38,ask,1756904157619
1756904158.0874527,208.88,2420.95,bid,1756904157734
1756904158.0874527,208.89,46.93,ask,1756904157734
1756904158.3060224,208.88,2420.76,bid,1756904157787
1756904158.3060224,208.89,46.93,ask,1756904157787
1756904158.6792727,208.88,2420.76,bid,1756904157974
1756904158.6792727,208.89,9.38,ask,1756904157974
1756904158.6792727,208.88,2420.76,bid,1756904158112
1756904158.6792727,208.89,7.97,ask,1756904158112
1756904158.6792727,208.88,2420.76,bid,1756904158194
1756904158.6792727,208.89,31.89,ask,1756904158194
1756904158.803324,208.88,2133.58,bid,1756904158402
1756904158.803324,208.89,34.5,ask,1756904158402
1756904159.0327678,208.88,2436.01,bid,1756904158608
1756904159.0327678,208.89,7.97,ask,1756904158608
1756904159.3093574,208.88,2435.93,bid,1756904158924
1756904159.3093574,208.89,7.97,ask,1756904158924
1756904159.4268084,208.88,2410.93,bid,1756904159010
1756904159.4268084,208.89,7.97,ask,1756904159010
1756904159.5340571,208.88,2123.76,bid,1756904159137
1756904159.5340571,208.89,7.97,ask,1756904159137
1756904159.558813,208.88,1495.96,bid,1756904159215
1756904159.558813,208.89,312.63,ask,1756904159215
1756904159.8172507,208.88,2070.32,bid,1756904159429
1756904159.8172507,208.89,312.63,ask,1756904159429
1756904159.8172507,208.88,1963.85,bid,1756904159541
1756904159.8172507,208.89,312.63,ask,1756904159541
1756904159.9552748,208.88,1963.85,bid,1756904159622
1756904159.9552748,208.89,58.24,ask,1756904159622
1756904160.2540958,208.88,2251.03,bid,1756904159852
1756904160.2540958,208.89,58.24,ask,1756904159852
1756904160.5436873,208.88,1962.66,bid,1756904160047
1756904160.5436873,208.89,117.07,ask,1756904160047
1756904160.6213646,208.88,1957.94,bid,1756904160244
1756904160.6213646,208.89,181.67,ask,1756904160244
1756904160.7804298,208.88,1383.59,bid,1756904160419
1756904160.7804298,208.89,117.07,ask,1756904160419
1756904160.9261582,208.88,1378.85,bid,1756904160489
1756904160.9261582,208.89,117.07,ask,1756904160489
1756904160.9261582,208.88,1378.85,bid,1756904160558
1756904160.9261582,208.89,172.55,ask,1756904160558
1756904161.0468032,208.88,762.76,bid,1756904160613
1756904161.0468032,208.89,1011.44,ask,1756904160613
1756904161.0468032,208.88,760.37,bid,1756904160760
1756904161.0468032,208.89,1236.18,ask,1756904160760
1756904161.130774,208.88,1334.73,bid,1756904160839
1756904161.130774,208.89,1236.18,ask,1756904160839
1756904161.177631,208.88,760.37,bid,1756904160892
1756904161.177631,208.89,1236.18,ask,1756904160892
1756904161.4044626,208.88,760.37,bid,1756904161017
1756904161.4044626,208.89,1264.89,ask,1756904161017
1756904161.4184813,208.88,760.37,bid,1756904161080
1756904161.4184813,208.89,1279.34,ask,1756904161080
1756904161.8467996,208.88,760.37,bid,1756904161514
1756904161.8467996,208.89,1280.72,ask,1756904161514
1756904162.104207,208.88,760.37,bid,1756904161724
1756904162.104207,208.89,1252.01,ask,1756904161724
1756904162.246019,208.88,491.44,bid,1756904161958
1756904162.246019,208.89,1403.39,ask,1756904161958
1756904162.5652874,208.88,195.72,bid,1756904162025
1756904162.5652874,208.89,2997.46,ask,1756904162025
1756904162.6320112,208.88,148.67,bid,1756904162151
1756904162.6320112,208.89,3128.94,ask,1756904162151
1756904162.8322701,208.84,24.9,bid,1756904162220
1756904162.8322701,208.89,3955.74,ask,1756904162220
1756904162.8527858,208.84,24.9,bid,1756904162429
1756904162.8527858,208.85,585.85,ask,1756904162429
1756904162.9069033,208.84,24.9,bid,1756904162498
1756904162.9069033,208.85,825.25,ask,1756904162498
1756904163.1056688,208.84,24.9,bid,1756904162570
1756904163.1056688,208.85,1203.53,ask,1756904162570
1756904163.24036,208.84,24.9,bid,1756904162638
1756904163.24036,208.85,1894.59,ask,1756904162638
1756904163.24036,208.84,140.53,bid,1756904162734
1756904163.24036,208.85,1844.11,ask,1756904162734
1756904163.550989,208.84,256.23,bid,1756904162974
1756904163.550989,208.85,1926.23,ask,1756904162974
1756904164.1734893,208.84,256.23,bid,1756904163024
1756904164.1734893,208.85,1916.23,ask,1756904163024
1756904164.1734893,208.84,256.23,bid,1756904163284
1756904164.1734893,208.85,2341.13,ask,1756904163284
1756904164.175037,208.84,303.28,bid,1756904163395
1756904164.175037,208.85,2250.27,ask,1756904163395
1756904164.175037,208.84,303.28,bid,1756904163541
1756904164.175037,208.85,1974.6,ask,1756904163541
1756904164.175037,208.84,303.28,bid,1756904163687
1756904164.175037,208.85,2079.36,ask,1756904163687
1756904164.176569,208.84,283.41,bid,1756904163742
1756904164.176569,208.85,2364.53,ask,1756904163742
1756904164.5800645,208.84,283.41,bid,1756904163964
1756904164.5800645,208.85,2488.76,ask,1756904163964
1756904164.5800645,208.84,283.31,bid,1756904164091
1756904164.5800645,208.85,2488.71,ask,1756904164091
1756904164.7705956,208.84,236.35,bid,1756904164269
1756904164.7705956,208.85,2527.41,ask,1756904164269
1756904165.4173281,208.84,0.09,bid,1756904165104
1756904165.4173281,208.85,3076.04,ask,1756904165104
1756904165.5235264,208.84,0.09,bid,1756904165164
1756904165.5235264,208.85,2736.1,ask,1756904165164
1756904165.6709132,208.84,0.09,bid,1756904165283
1756904165.6709132,208.85,2683.92,ask,1756904165283
1756904165.97337,208.84,0.09,bid,1756904165597
1756904165.97337,208.85,2651.75,ask,1756904165597
1756904166.166258,208.84,0.09,bid,1756904165720
1756904166.166258,208.85,2653.13,ask,1756904165720
1756904166.3035195,208.84,267.63,bid,1756904165855
1756904166.3035195,208.85,2488.73,ask,1756904165855
1756904166.430218,208.84,267.63,bid,1756904166079
1756904166.430218,208.85,2213.23,ask,1756904166079
1756904166.4317331,208.84,267.63,bid,1756904166132
1756904166.4317331,208.85,2241.98,ask,1756904166132
1756904166.4718637,208.84,314.68,bid,1756904166209
1756904166.4718637,208.85,2146.22,ask,1756904166209
1756904166.5529852,208.84,653.93,bid,1756904166266
1756904166.5529852,208.85,1993.19,ask,1756904166266
1756904166.9086475,208.84,653.93,bid,1756904166642
1756904166.9086475,208.85,1831.68,ask,1756904166642
1756904167.0350037,208.84,797.58,bid,1756904166743
1756904167.0350037,208.85,1576.88,ask,1756904166743
1756904167.179297,208.84,1096.85,bid,1756904166814
1756904167.179297,208.85,1433.25,ask,1756904166814
1756904167.3018913,208.84,1096.85,bid,1756904166870
1756904167.3018913,208.85,1419.65,ask,1756904166870
1756904167.3604107,208.84,1333.41,bid,1756904166937
1756904167.3604107,208.85,1185.32,ask,1756904166937
1756904167.3860424,208.84,1333.41,bid,1756904167064
1756904167.3860424,208.85,1220.0,ask,1756904167064
1756904167.4187222,208.84,1096.85,bid,1756904167124
1756904167.4187222,208.85,1221.38,ask,1756904167124
1756904167.5552363,208.84,653.93,bid,1756904167267
1756904167.5552363,208.85,1221.38,ask,1756904167267
1756904167.626193,208.84,653.83,bid,1756904167349
1756904167.626193,208.85,1235.4,ask,1756904167349
1756904168.6161354,208.84,653.83,bid,1756904168019
1756904168.6161354,208.85,1233.06,ask,1756904168019
1756904169.3158388,208.84,1281.37,bid,1756904168074
1756904169.3158388,208.85,1233.06,ask,1756904168074
1756904169.3158388,208.84,653.83,bid,1756904168562
1756904169.3158388,208.85,1198.38,ask,1756904168562
1756904169.5692017,208.84,482.06,bid,1756904168797
1756904169.5692017,208.85,1260.58,ask,1756904168797
1756904169.5692017,208.84,333.38,bid,1756904168861
1756904169.5692017,208.85,1354.19,ask,1756904168861
1756904169.5692017,208.84,333.38,bid,1756904168919
1756904169.5692017,208.85,1426.19,ask,1756904168919
1756904169.5697045,208.83,0.27,bid,1756904169062
1756904169.5697045,208.85,2123.79,ask,1756904169062
1756904169.7161205,208.83,0.27,bid,1756904169226
1756904169.7161205,208.84,191.52,ask,1756904169226
1756904169.7161205,208.83,0.27,bid,1756904169303
1756904169.7161205,208.84,1049.13,ask,1756904169303
1756904169.7161205,208.83,0.27,bid,1756904169366
1756904169.7161205,208.84,3299.59,ask,1756904169366
1756904169.793495,208.83,0.27,bid,1756904169478
1756904169.793495,208.84,4976.41,ask,1756904169478
1756904169.9754686,208.83,0.27,bid,1756904169627
1756904169.9754686,208.84,5693.02,ask,1756904169627
1756904170.0236387,208.83,145.49,bid,1756904169699
1756904170.0236387,208.84,5177.99,ask,1756904169699
1756904170.0398095,208.83,145.49,bid,1756904169749
1756904170.0398095,208.84,5467.35,ask,1756904169749
1756904170.0969193,208.83,165.36,bid,1756904169828
1756904170.0969193,208.84,5567.02,ask,1756904169828
1756904170.2176433,208.83,165.36,bid,1756904169891
1756904170.2176433,208.84,4651.97,ask,1756904169891
1756904170.2493105,208.83,212.41,bid,1756904169961
1756904170.2493105,208.84,2798.8,ask,1756904169961
1756904170.403099,208.83,212.41,bid,1756904170088
1756904170.403099,208.84,2815.03,ask,1756904170088
1756904170.5713792,208.83,212.41,bid,1756904170161
1756904170.5713792,208.84,1363.23,ask,1756904170161
1756904170.5947082,208.83,212.41,bid,1756904170292
1756904170.5947082,208.84,1363.12,ask,1756904170292
1756904170.6524632,208.83,165.36,bid,1756904170368
1756904170.6524632,208.84,1363.12,ask,1756904170368
1756904170.7743876,208.83,165.36,bid,1756904170490
1756904170.7743876,208.84,1364.5,ask,1756904170490
1756904170.8518343,208.83,165.36,bid,1756904170570
1756904170.8518343,208.84,1455.13,ask,1756904170570
1756904171.0693028,208.83,212.41,bid,1756904170772
1756904171.0693028,208.84,1455.13,ask,1756904170772
1756904171.4746919,208.83,212.41,bid,1756904171169
1756904171.4746919,208.84,1519.19,ask,1756904171169
1756904171.7796316,208.79,607.04,bid,1756904171495
1756904171.7796316,208.84,1519.19,ask,1756904171495
1756904171.8525715,208.79,607.04,bid,1756904171568
1756904171.8525715,208.8,635.48,ask,1756904171568
1756904172.0067985,208.79,1533.42,bid,1756904171701
1756904172.0067985,208.8,661.92,ask,1756904171701
1756904172.1603794,208.79,1697.09,bid,1756904171772
1756904172.1603794,208.8,575.4,ask,1756904171772
1756904172.246156,208.79,3136.89,bid,1756904171903
1756904172.246156,208.8,555.72,ask,1756904171903
1756904172.2875545,208.79,3138.35,bid,1756904171973
1756904172.2875545,208.8,316.26,ask,1756904171973
1756904172.3390234,208.79,3138.35,bid,1756904172039
1756904172.3390234,208.8,315.27,ask,1756904172039
1756904172.4620686,208.79,3163.35,bid,1756904172175
1756904172.4620686,208.8,315.27,ask,1756904172175
1756904172.6839378,208.79,3067.56,bid,1756904172306
1756904172.6839378,208.8,76.8,ask,1756904172306
1756904172.707291,208.79,3112.08,bid,1756904172373
1756904172.707291,208.8,76.8,ask,1756904172373
1756904172.893259,208.79,3117.56,bid,1756904172579
1756904172.893259,208.8,47.03,ask,1756904172579
1756904173.1504638,208.79,3429.88,bid,1756904172790
1756904173.1504638,208.83,356.89,ask,1756904172790
1756904173.5896592,208.82,1044.97,bid,1756904172967
1756904173.5896592,208.83,340.62,ask,1756904172967
1756904173.6014006,208.82,1107.65,bid,1756904173109
1756904173.6014006,208.83,340.62,ask,1756904173109
1756904173.9911213,208.82,2374.63,bid,1756904173247
1756904173.9911213,208.83,348.81,ask,1756904173247
1756904173.9916406,208.82,2348.63,bid,1756904173416
1756904173.9916406,208.83,339.24,ask,1756904173416
1756904173.992676,208.82,2402.87,bid,1756904173474
1756904173.992676,208.83,336.28,ask,1756904173474
1756904173.992676,208.82,3289.65,bid,1756904173537
1756904173.992676,208.83,336.28,ask,1756904173537
1756904174.1291487,208.82,3429.23,bid,1756904173715
1756904174.1291487,208.83,310.57,ask,1756904173715
1756904174.1873775,208.82,985.23,bid,1756904173849
1756904174.1873775,208.83,334.5,ask,1756904173849
1756904174.4463613,208.82,1559.76,bid,1756904174036
1756904174.4463613,208.83,334.5,ask,1756904174036
1756904174.6471355,208.82,2841.54,bid,1756904174253
1756904174.6471355,208.83,395.06,ask,1756904174253
1756904174.736819,208.82,2225.81,bid,1756904174403
1756904174.736819,208.83,384.6,ask,1756904174403
1756904174.8544295,208.82,2225.81,bid,1756904174463
1756904174.8544295,208.83,361.56,ask,1756904174463
1756904175.062546,208.82,1651.28,bid,1756904174681
1756904175.062546,208.83,385.49,ask,1756904174681
1756904175.1965265,208.82,1651.28,bid,1756904174883
1756904175.1965265,208.83,385.39,ask,1756904174883
1756904175.6321445,208.82,1651.28,bid,1756904175336
1756904175.6321445,208.83,399.42,ask,1756904175336
1756904175.7003922,208.82,1649.29,bid,1756904175431
1756904175.7003922,208.83,399.42,ask,1756904175431
1756904175.8521764,208.8,406.54,bid,1756904175548
1756904175.8521764,208.83,385.39,ask,1756904175548
1756904176.0012772,208.8,392.18,bid,1756904175663
1756904176.0012772,208.81,95.77,ask,1756904175663
1756904176.0712645,208.8,25.0,bid,1756904175829
1756904176.0712645,208.81,70.0,ask,1756904175829
1756904176.1117108,208.8,312.29,bid,1756904175885
1756904176.1117108,208.81,101.09,ask,1756904175885
1756904176.2353055,208.8,339.89,bid,1756904175942
1756904176.2353055,208.81,101.09,ask,1756904175942
1756904176.360398,208.8,468.2,bid,1756904176031
1756904176.360398,208.81,101.09,ask,1756904176031
1756904176.6415179,208.8,1114.46,bid,1756904176303
1756904176.6415179,208.81,101.09,ask,1756904176303
1756904176.816661,208.8,1688.98,bid,1756904176492
1756904176.816661,208.81,101.09,ask,1756904176492
1756904177.239426,208.8,722.97,bid,1756904176858
1756904177.239426,208.81,203.88,ask,1756904176858
1756904177.3306754,208.8,53.68,bid,1756904176915
1756904177.3306754,208.81,564.36,ask,1756904176915
1756904177.5079992,208.8,19.85,bid,1756904177056
1756904177.5079992,208.81,538.41,ask,1756904177056
1756904177.5534666,208.8,16.57,bid,1756904177113
1756904177.5534666,208.81,578.57,ask,1756904177113
1756904177.7512343,208.8,41.57,bid,1756904177258
1756904177.7512343,208.81,578.57,ask,1756904177258
1756904177.9030108,208.8,355.89,bid,1756904177329
1756904177.9030108,208.81,538.31,ask,1756904177329
1756904177.9587543,208.8,798.88,bid,1756904177456
1756904177.9587543,208.81,435.52,ask,1756904177456
1756904177.9587543,208.8,1101.81,bid,1756904177531
1756904177.9587543,208.81,435.52,ask,1756904177531
1756904178.013143,208.8,1101.81,bid,1756904177656
1756904178.013143,208.81,413.98,ask,1756904177656
1756904178.3266861,208.8,1676.34,bid,1756904177932
1756904178.3266861,208.81,413.98,ask,1756904177932
1756904178.7869692,208.8,1676.34,bid,1756904178070
1756904178.7869692,208.81,413.7,ask,1756904178070
1756904179.5358222,208.8,2538.2,bid,1756904178611
1756904179.5358222,208.81,413.7,ask,1756904178611
1756904179.5358222,208.8,3127.07,bid,1756904178682
1756904179.5358222,208.81,312.99,ask,1756904178682
1756904179.5363438,208.8,3127.07,bid,1756904178741
1756904179.5363438,208.82,65.25,ask,1756904178741
1756904179.5363438,208.81,950.41,bid,1756904178825
1756904179.5363438,208.84,227.95,ask,1756904178825
1756904179.5363438,208.83,139.56,bid,1756904178943
1756904179.5363438,208.84,227.95,ask,1756904178943
1756904179.8052256,208.83,415.86,bid,1756904178998
1756904179.8052256,208.86,19.57,ask,1756904178998
1756904179.8052256,208.85,16.11,bid,1756904179123
1756904179.8052256,208.86,19.57,ask,1756904179123
1756904179.8052256,208.85,26.76,bid,1756904179182
1756904179.8052256,208.86,76.45,ask,1756904179182
1756904179.8052256,208.85,151.32,bid,1756904179279
1756904179.8052256,208.86,76.45,ask,1756904179279
1756904179.8052256,208.85,198.55,bid,1756904179394
1756904179.8052256,208.86,76.45,ask,1756904179394
1756904179.9496615,208.85,482.38,bid,1756904179549
1756904179.9496615,208.86,129.53,ask,1756904179549
1756904180.108527,208.85,365.31,bid,1756904179792
1756904180.108527,208.86,153.45,ask,1756904179792
1756904180.1470392,208.85,224.26,bid,1756904179847
1756904180.1470392,208.86,222.11,ask,1756904179847
1756904180.175476,208.85,224.26,bid,1756904179919
1756904180.175476,208.86,179.6,ask,1756904179919
1756904180.2188647,208.85,75.19,bid,1756904179972
1756904180.2188647,208.86,414.12,ask,1756904179972
1756904180.455656,208.85,75.19,bid,1756904180092
1756904180.455656,208.86,484.19,ask,1756904180092
1756904180.5883276,208.85,75.19,bid,1756904180158
1756904180.5883276,208.86,499.6,ask,1756904180158
1756904180.652715,208.85,75.19,bid,1756904180289
1756904180.652715,208.86,485.57,ask,1756904180289
1756904180.652715,208.85,44.22,bid,1756904180360
1756904180.652715,208.86,485.57,ask,1756904180360
1756904180.8287327,208.85,44.22,bid,1756904180561
1756904180.8287327,208.86,499.64,ask,1756904180561
1756904180.9394834,208.85,44.22,bid,1756904180619
1756904180.9394834,208.86,265.12,ask,1756904180619
1756904181.0842962,208.85,190.61,bid,1756904180688
1756904181.0842962,208.86,191.96,ask,1756904180688
1756904181.0842962,208.85,334.25,bid,1756904180761
1756904181.0842962,208.86,191.96,ask,1756904180761
1756904181.1286862,208.85,297.97,bid,1756904180818
1756904181.1286862,208.86,191.96,ask,1756904180818
1756904181.1611183,208.85,44.22,bid,1756904180891
1756904181.1611183,208.86,191.96,ask,1756904180891
1756904181.4913647,208.85,44.22,bid,1756904181165
1756904181.4913647,208.86,205.45,ask,1756904181165
1756904181.6170485,208.85,44.22,bid,1756904181254
1756904181.6170485,208.86,191.96,ask,1756904181254
1756904181.6360483,208.85,318.35,bid,1756904181317
1756904181.6360483,208.86,191.96,ask,1756904181317
1756904181.7063854,208.85,461.99,bid,1756904181452
1756904181.7063854,208.86,191.96,ask,1756904181452
1756904181.8363738,208.85,461.99,bid,1756904181565
1756904181.8363738,208.86,205.91,ask,1756904181565
1756904181.9182022,208.85,1323.65,bid,1756904181655
1756904181.9182022,208.86,181.99,ask,1756904181655
1756904182.024814,208.85,1323.65,bid,1756904181705
1756904182.024814,208.86,168.04,ask,1756904181705
1756904182.1942964,208.85,1351.03,bid,1756904181756
1756904182.1942964,208.86,79.05,ask,1756904181756
1756904182.4148042,208.85,3457.25,bid,1756904181917
1756904182.4148042,208.86,2.39,ask,1756904181917
1756904182.46407,208.85,3457.25,bid,1756904182026
1756904182.46407,208.87,63.7,ask,1756904182026
1756904182.632931,208.86,315.83,bid,1756904182079
1756904182.632931,208.87,63.7,ask,1756904182079
1756904182.632931,208.86,911.4,bid,1756904182193
1756904182.632931,208.87,63.7,ask,1756904182193
1756904182.8423421,208.86,1536.88,bid,1756904182322
1756904182.8423421,208.89,2.61,ask,1756904182322
1756904182.885565,208.88,211.14,bid,1756904182376
1756904182.885565,208.89,1.23,ask,1756904182376
1756904183.1804752,208.88,402.56,bid,1756904182527
1756904183.1804752,208.89,1.23,ask,1756904182527
1756904183.3661196,208.88,529.84,bid,1756904182629
1756904183.3661196,208.89,1.23,ask,1756904182629
1756904183.3661196,208.88,550.84,bid,1756904182829
1756904183.3661196,208.89,1.23,ask,1756904182829
1756904183.3661196,208.88,3027.4,bid,1756904182987
1756904183.3661196,208.89,1.23,ask,1756904182987
1756904183.4078677,208.88,3020.41,bid,1756904183046
1756904183.4078677,208.89,1.23,ask,1756904183046
1756904183.7067037,208.88,3161.28,bid,1756904183182
1756904183.7067037,208.89,0.99,ask,1756904183182
1756904184.2323537,208.88,3187.83,bid,1756904183311
1756904184.2323537,208.89,0.75,ask,1756904183311
1756904184.2323537,208.88,2900.65,bid,1756904183856
1756904184.2323537,208.89,0.75,ask,1756904183856
1756904184.2323537,208.88,2900.64,bid,1756904183934
1756904184.2323537,208.89,0.75,ask,1756904183934
1756904184.6226795,208.88,2038.93,bid,1756904184106
1756904184.6226795,208.89,24.67,ask,1756904184106
1756904184.7342174,208.88,2014.77,bid,1756904184363
1756904184.7342174,208.89,0.75,ask,1756904184363
1756904185.0427482,208.88,1965.24,bid,1756904184599
1756904185.0427482,208.89,0.75,ask,1756904184599
1756904185.0894427,208.88,1922.19,bid,1756904184709
1756904185.0894427,208.91,278.09,ask,1756904184709
1756904185.4020805,208.9,71.61,bid,1756904184800
1756904185.4020805,208.91,278.09,ask,1756904184800
1756904185.4257152,208.9,244.35,bid,1756904184927
1756904185.4257152,208.91,278.09,ask,1756904184927
1756904185.4810603,208.9,287.01,bid,1756904185058
1756904185.4810603,208.91,14.36,ask,1756904185058
1756904185.572287,208.9,458.86,bid,1756904185103
1756904185.572287,208.91,14.36,ask,1756904185103
1756904185.7464828,208.9,542.84,bid,1756904185133
1756904185.7464828,208.91,44.03,ask,1756904185133
1756904185.7464828,208.9,442.13,bid,1756904185287
1756904185.7464828,208.91,38.28,ask,1756904185287
1756904185.793499,208.9,1328.11,bid,1756904185419
1756904185.793499,208.91,38.28,ask,1756904185419
1756904186.004173,208.9,1416.88,bid,1756904185524
1756904186.004173,208.91,38.28,ask,1756904185524
1756904186.0061789,208.9,1416.88,bid,1756904185603
1756904186.0061789,208.91,23.92,ask,1756904185603
1756904186.0375166,208.9,1416.88,bid,1756904185665
1756904186.0375166,208.91,37.76,ask,1756904185665
1756904186.1058595,208.9,1334.33,bid,1756904185757
1756904186.1058595,208.91,38.79,ask,1756904185757
1756904186.3874981,208.87,542.09,bid,1756904185928
1756904186.3874981,208.91,1385.08,ask,1756904185928
1756904186.3874981,208.88,2.39,bid,1756904185996
1756904186.3874981,208.89,1172.84,ask,1756904185996
1756904186.5256405,208.88,2.39,bid,1756904186084
1756904186.5256405,208.89,2752.57,ask,1756904186084
1756904186.7521932,208.88,2.39,bid,1756904186244
1756904186.7521932,208.89,3374.88,ask,1756904186244
1756904186.7929583,208.88,2.39,bid,1756904186366
1756904186.7929583,208.89,3553.5,ask,1756904186366
1756904186.8137896,208.85,191.95,bid,1756904186427
1756904186.8137896,208.89,4241.73,ask,1756904186427
1756904186.841547,208.85,191.95,bid,1756904186489
1756904186.841547,208.86,207.9,ask,1756904186489
1756904187.0144062,208.85,191.95,bid,1756904186623
1756904187.0144062,208.86,655.19,ask,1756904186623
1756904187.1853867,208.85,191.95,bid,1756904186677
1756904187.1853867,208.86,1111.43,ask,1756904186677
1756904187.1853867,208.85,1097.31,bid,1756904186817
1756904187.1853867,208.86,1242.16,ask,1756904186817
1756904187.1853867,208.85,1604.0,bid,1756904186878
1756904187.1853867,208.86,986.42,ask,1756904186878
1756904187.250411,208.85,1460.54,bid,1756904186962
1756904187.250411,208.86,916.42,ask,1756904186962
1756904187.3966901,208.85,1460.54,bid,1756904187026
1756904187.3966901,208.86,911.73,ask,1756904187026
1756904187.5310075,208.85,1462.93,bid,1756904187088
1756904187.5310075,208.86,840.86,ask,1756904187088
1756904187.6154926,208.85,1515.37,bid,1756904187161
1756904187.6154926,208.86,816.94,ask,1756904187161
1756904187.670976,208.85,1072.48,bid,1756904187286
1756904187.670976,208.86,816.94,ask,1756904187286
1756904187.7984118,208.85,925.03,bid,1756904187446
1756904187.7984118,208.86,793.02,ask,1756904187446
1756904187.8564126,208.85,1026.17,bid,1756904187558
1756904187.8564126,208.86,793.02,ask,1756904187558
1756904188.1233468,208.85,1403.51,bid,1756904187689
1756904188.1233468,208.86,793.02,ask,1756904187689
1756904188.171592,208.85,1116.29,bid,1756904187761
1756904188.171592,208.86,793.02,ask,1756904187761
1756904188.3413026,208.85,1690.67,bid,1756904188030
1756904188.3413026,208.86,791.61,ask,1756904188030
1756904189.3087575,208.85,1690.67,bid,1756904188081
1756904189.3087575,208.86,815.53,ask,1756904188081
1756904189.3097966,208.85,1751.54,bid,1756904188433
1756904189.3097966,208.86,719.8,ask,1756904188433
1756904189.3097966,208.85,1751.54,bid,1756904188579
1756904189.3097966,208.86,624.05,ask,1756904188579
1756904189.3103237,208.85,2038.67,bid,1756904188715
1756904189.3103237,208.86,624.05,ask,1756904188715
1756904189.3103237,208.85,2038.67,bid,1756904188783
1756904189.3103237,208.86,621.66,ask,1756904188783
1756904189.5494845,208.85,2038.67,bid,1756904188836
1756904189.5494845,208.86,525.91,ask,1756904188836
1756904189.5494845,208.85,2038.67,bid,1756904188889
1756904189.5494845,208.86,334.38,ask,1756904188889
1756904189.5974026,208.85,2038.67,bid,1756904189103
1756904189.5974026,208.86,94.99,ask,1756904189103
1756904189.5974026,208.85,1751.45,bid,1756904189181
1756904189.5974026,208.86,94.99,ask,1756904189181
1756904189.9983232,208.85,1726.45,bid,1756904189590
1756904189.9983232,208.86,94.99,ask,1756904189590
1756904190.026777,208.85,1726.45,bid,1756904189591
1756904190.026777,208.86,118.91,ask,1756904189591
1756904190.1478937,208.85,799.21,bid,1756904189780
1756904190.1478937,208.86,118.91,ask,1756904189780
1756904190.4576514,208.85,143.64,bid,1756904189992
1756904190.4576514,208.86,2806.47,ask,1756904189992
1756904190.687839,208.8,0.25,bid,1756904190066
1756904190.687839,208.86,3773.22,ask,1756904190066
1756904190.7509074,208.8,0.25,bid,1756904190293
1756904190.7509074,208.81,766.18,ask,1756904190293
1756904190.889737,208.8,574.83,bid,1756904190494
1756904190.889737,208.81,766.18,ask,1756904190494
1756904191.0868464,208.8,0.25,bid,1756904190568
1756904191.0868464,208.81,2090.13,ask,1756904190568
1756904191.0868464,208.8,0.01,bid,1756904190633
1756904191.0868464,208.81,2351.68,ask,1756904190633
1756904191.1221898,208.78,5.4,bid,1756904190695
1756904191.1221898,208.81,2877.39,ask,1756904190695
1756904191.1886716,208.78,6.84,bid,1756904190816
1756904191.1886716,208.79,285.49,ask,1756904190816
1756904191.2801123,208.78,6.84,bid,1756904190897
1756904191.2801123,208.79,879.79,ask,1756904190897
1756904191.5584571,208.78,6.84,bid,1756904191031
1756904191.5584571,208.79,784.03,ask,1756904191031
1756904191.7364626,208.78,76.52,bid,1756904191099
1756904191.7364626,208.79,784.03,ask,1756904191099
1756904191.7364626,208.78,3134.55,bid,1756904191229
1756904191.7364626,208.79,544.56,ask,1756904191229
1756904191.8929634,208.78,3382.13,bid,1756904191378
1756904191.8929634,208.79,167.18,ask,1756904191378
1756904192.0827298,208.78,4554.2,bid,1756904191665
1756904192.0827298,208.79,82.55,ask,1756904191665
1756904192.1287694,208.78,4567.93,bid,1756904191742
1756904192.1287694,208.79,82.55,ask,1756904191742
1756904192.2643523,208.78,4558.36,bid,1756904191902
1756904192.2643523,208.79,82.55,ask,1756904191902
1756904192.3373432,208.78,4556.99,bid,1756904192030
1756904192.3373432,208.79,82.25,ask,1756904192030
1756904192.4313312,208.78,4556.99,bid,1756904192101
1756904192.4313312,208.83,191.12,ask,1756904192101
1756904192.624641,208.82,240.86,bid,1756904192161
1756904192.624641,208.83,191.12,ask,1756904192161
1756904192.6261528,208.82,332.77,bid,1756904192237
1756904192.6261528,208.83,191.12,ask,1756904192237
1756904192.7998273,208.82,353.77,bid,1756904192361
1756904192.7998273,208.83,191.12,ask,1756904192361
1756904192.8003547,208.82,446.31,bid,1756904192416
1756904192.8003547,208.83,191.12,ask,1756904192416
1756904192.8428524,208.82,393.81,bid,1756904192490
1756904192.8428524,208.83,538.25,ask,1756904192490
1756904192.947541,208.82,298.99,bid,1756904192552
1756904192.947541,208.83,563.56,ask,1756904192552
1756904193.247654,208.82,84.32,bid,1756904192753
1756904193.247654,208.83,2524.49,ask,1756904192753
1756904193.3748593,208.82,84.32,bid,1756904193019
1756904193.3748593,208.83,3062.26,ask,1756904193019
1756904193.4482644,208.82,84.32,bid,1756904193076
1756904193.4482644,208.83,3554.06,ask,1756904193076
1756904193.5113316,208.81,258.13,bid,1756904193129
1756904193.5113316,208.83,3632.15,ask,1756904193129
1756904193.950145,208.81,18.56,bid,1756904193249
1756904193.950145,208.82,3084.93,ask,1756904193249
1756904194.5810146,208.77,576.29,bid,1756904193510
1756904194.5810146,208.78,177.04,ask,1756904193510
1756904194.5810146,208.77,576.29,bid,1756904193621
1756904194.5810146,208.78,368.58,ask,1756904193621
1756904194.5810146,208.77,576.29,bid,1756904193684
1756904194.5810146,208.78,389.58,ask,1756904193684
1756904194.5810146,208.77,1.64,bid,1756904193912
1756904194.5810146,208.78,788.15,ask,1756904193912
1756904194.5830233,208.77,1.64,bid,1756904193988
1756904194.5830233,208.78,1123.41,ask,1756904193988
1756904194.5830233,208.77,1.53,bid,1756904194094
1756904194.5830233,208.78,1198.14,ask,1756904194094
1756904194.5830233,208.77,1.53,bid,1756904194153
1756904194.5830233,208.78,805.11,ask,1756904194153
1756904195.0011146,208.77,1.53,bid,1756904194447
1756904195.0011146,208.78,980.65,ask,1756904194447
1756904195.0011146,208.77,140.4,bid,1756904194572
1756904195.0011146,208.78,1076.46,ask,1756904194572
1756904195.05554,208.77,236.2,bid,1756904194718
1756904195.05554,208.78,1076.46,ask,1756904194718
1756904195.05554,208.77,619.36,bid,1756904194774
1756904195.05554,208.78,1062.5,ask,1756904194774
1756904195.1927562,208.77,332.03,bid,1756904194848
1756904195.1927562,208.78,775.15,ask,1756904194848
1756904195.3942652,208.77,619.36,bid,1756904194975
1756904195.3942652,208.78,799.08,ask,1756904194975
1756904195.4016814,208.77,619.36,bid,1756904195083
1756904195.4016814,208.78,775.15,ask,1756904195083
1756904195.476627,208.77,1196.33,bid,1756904195132
1756904195.476627,208.78,590.99,ask,1756904195132
1756904195.56849,208.77,1340.03,bid,1756904195217
1756904195.56849,208.78,581.91,ask,1756904195217
1756904195.8364236,208.77,1579.44,bid,1756904195420
1756904195.8364236,208.78,246.62,ask,1756904195420
1756904195.984408,208.77,1289.8,bid,1756904195548
1756904195.984408,208.78,246.62,ask,1756904195548
1756904195.9849226,208.77,1920.76,bid,1756904195655
1756904195.9849226,208.78,22.45,ask,1756904195655
1756904196.1785207,208.77,2541.32,bid,1756904195783
1756904196.1785207,208.79,15.6,ask,1756904195783
1756904196.27198,208.78,1207.58,bid,1756904195925
1756904196.27198,208.79,15.6,ask,1756904195925
1756904196.4445386,208.78,2493.31,bid,1756904196054
1756904196.4445386,208.82,575.97,ask,1756904196054
1756904196.4600465,208.81,70.0,bid,1756904196126
1756904196.4600465,208.82,575.97,ask,1756904196126
1756904196.5055418,208.81,207.8,bid,1756904196258
1756904196.5055418,208.82,577.35,ask,1756904196258
1756904196.6619306,208.81,351.48,bid,1756904196328
1756904196.6619306,208.82,573.53,ask,1756904196328
1756904196.7955766,208.81,1119.94,bid,1756904196415
1756904196.7955766,208.82,570.75,ask,1756904196415
1756904196.8763123,208.81,1329.89,bid,1756904196499
1756904196.8763123,208.82,553.4,ask,1756904196499
1756904197.2762942,208.81,1232.35,bid,1756904196696
1756904197.2762942,208.82,545.29,ask,1756904196696
1756904197.2762942,208.81,559.67,bid,1756904196777
1756904197.2762942,208.82,545.29,ask,1756904196777
1756904197.300864,208.81,558.18,bid,1756904196880
1756904197.300864,208.82,545.29,ask,1756904196880
1756904197.4576604,208.81,462.39,bid,1756904196952
1756904197.4576604,208.82,834.96,ask,1756904196952
1756904197.4774327,208.81,463.88,bid,1756904197103
1756904197.4774327,208.82,930.47,ask,1756904197103
1756904197.6167274,208.81,272.26,bid,1756904197208
1756904197.6167274,208.82,1026.22,ask,1756904197208
1756904197.6856873,208.81,1066.6,bid,1756904197308
1756904197.6856873,208.82,934.54,ask,1756904197308
1756904197.7512133,208.81,970.82,bid,1756904197357
1756904197.7512133,208.82,1026.28,ask,1756904197357
1756904197.863464,208.81,970.82,bid,1756904197477
1756904197.863464,208.82,930.53,ask,1756904197477
1756904198.0515156,208.81,372.85,bid,1756904197691
1756904198.0515156,208.82,874.17,ask,1756904197691
1756904198.1741128,208.81,372.85,bid,1756904197827
1756904198.1741128,208.82,414.5,ask,1756904197827
1756904198.4039497,208.81,660.11,bid,1756904198021
1756904198.4039497,208.82,220.87,ask,1756904198021
1756904198.4966598,208.81,1186.57,bid,1756904198105
1756904198.4966598,208.82,109.57,ask,1756904198105
1756904198.529266,208.81,1211.57,bid,1756904198159
1756904198.529266,208.82,109.57,ask,1756904198159
1756904198.780508,208.81,1355.24,bid,1756904198324
1756904198.780508,208.82,109.57,ask,1756904198324
1756904199.16937,208.81,1929.75,bid,1756904198404
1756904199.16937,208.82,98.18,ask,1756904198404
1756904199.16937,208.81,1617.49,bid,1756904198621
1756904199.16937,208.82,98.18,ask,1756904198621
1756904199.5486352,208.81,1617.49,bid,1756904199054
1756904199.5486352,208.82,97.26,ask,1756904199054
1756904199.5766726,208.81,1929.77,bid,1756904199230
1756904199.5766726,208.82,97.26,ask,1756904199230
1756904199.7294412,208.81,1642.49,bid,1756904199387
1756904199.7294412,208.82,111.22,ask,1756904199387
1756904199.8979056,208.81,1929.77,bid,1756904199578
1756904199.8979056,208.82,111.22,ask,1756904199578
1756904200.3324327,208.81,2025.54,bid,1756904200018
1756904200.3324327,208.83,356.12,ask,1756904200018
1756904200.3864634,208.82,825.44,bid,1756904200070
1756904200.3864634,208.83,645.31,ask,1756904200070
1756904200.4918592,208.82,293.62,bid,1756904200199
1756904200.4918592,208.83,639.56,ask,1756904200199
1756904200.551118,208.82,1239.64,bid,1756904200326
1756904200.551118,208.83,634.36,ask,1756904200326
1756904200.7176309,208.82,1645.49,bid,1756904200380
1756904200.7176309,208.83,587.36,ask,1756904200380
1756904200.7830384,208.82,3068.74,bid,1756904200468
1756904200.7830384,208.83,480.31,ask,1756904200468
1756904200.9090478,208.82,3663.28,bid,1756904200556
1756904200.9090478,208.84,28.38,ask,1756904200556
1756904200.9375947,208.83,360.27,bid,1756904200607
1756904200.9375947,208.84,1.38,ask,1756904200607
1756904200.9852653,208.83,470.84,bid,1756904200692
1756904200.9852653,208.85,117.84,ask,1756904200692
1756904201.043919,208.84,41.47,bid,1756904200757
1756904201.043919,208.85,69.81,ask,1756904200757
1756904201.2577255,208.84,266.97,bid,1756904200887
1756904201.2577255,208.85,69.81,ask,1756904200887
1756904201.4166121,208.84,318.23,bid,1756904201005
1756904201.4166121,208.85,68.43,ask,1756904201005
1756904201.7331588,208.84,1713.79,bid,1756904201112
1756904201.7331588,208.85,68.43,ask,1756904201112
1756904201.7331588,208.84,3114.92,bid,1756904201315
1756904201.7331588,208.85,68.43,ask,1756904201315
1756904201.827655,208.84,3114.92,bid,1756904201321
1756904201.827655,208.85,97.2,ask,1756904201321
1756904201.8670826,208.84,3117.55,bid,1756904201457
1756904201.8670826,208.85,33.18,ask,1756904201457
1756904202.022625,208.84,4023.62,bid,1756904201606
1756904202.022625,208.85,33.18,ask,1756904201606
1756904202.1406262,208.84,3965.02,bid,1756904201776
1756904202.1406262,208.85,4.41,ask,1756904201776
1756904202.3689651,208.87,148.84,bid,1756904201974
1756904202.3689651,208.88,5.66,ask,1756904201974
1756904202.4531744,208.87,148.84,bid,1756904202080
1756904202.4531744,208.88,5.1,ask,1756904202080
1756904202.4829452,208.87,266.65,bid,1756904202103
1756904202.4829452,208.88,5.1,ask,1756904202103
1756904202.5122926,208.87,341.22,bid,1756904202202
1756904202.5122926,208.88,5.1,ask,1756904202202
1756904202.6391964,208.87,1443.92,bid,1756904202295
1756904202.6391964,208.88,3.72,ask,1756904202295
1756904202.7438598,208.87,2173.41,bid,1756904202402
1756904202.7438598,208.88,3.72,ask,1756904202402
1756904202.8416085,208.87,2267.41,bid,1756904202517
1756904202.8416085,208.88,3.72,ask,1756904202517
1756904202.9913454,208.87,2270.1,bid,1756904202687
1756904202.9913454,208.88,3.72,ask,1756904202687
1756904203.138984,208.87,2211.07,bid,1756904202755
1756904203.138984,208.88,3.72,ask,1756904202755
1756904203.3210404,208.87,2042.86,bid,1756904202978
1756904203.3210404,208.88,3.72,ask,1756904202978
1756904203.4513915,208.87,2904.45,bid,1756904203079
1756904203.4513915,208.88,3.72,ask,1756904203079
1756904203.996369,208.87,2937.88,bid,1756904203282
1756904203.996369,208.92,23.26,ask,1756904203282
1756904203.9989848,208.91,78.54,bid,1756904203338
1756904203.9989848,208.92,23.26,ask,1756904203338
1756904203.9989848,208.91,169.54,bid,1756904203417
1756904203.9989848,208.92,224.5,ask,1756904203417
1756904204.2396388,208.91,924.89,bid,1756904203542
1756904204.2396388,208.92,224.5,ask,1756904203542
1756904204.2396388,208.91,917.12,bid,1756904203725
1756904204.2396388,208.92,203.64,ask,1756904203725
1756904204.2396388,208.91,941.62,bid,1756904203822
1756904204.2396388,208.92,93.68,ask,1756904203822
1756904204.389857,208.91,875.12,bid,1756904203942
1756904204.389857,208.92,380.92,ask,1756904203942
1756904204.5124886,208.91,298.48,bid,1756904204018
1756904204.5124886,208.92,572.43,ask,1756904204018
1756904204.5324469,208.91,298.48,bid,1756904204092
1756904204.5324469,208.92,660.88,ask,1756904204092
1756904204.5324469,208.91,252.98,bid,1756904204145
1756904204.5324469,208.92,1449.98,ask,1756904204145
1756904204.5464506,208.91,158.73,bid,1756904204226
1756904204.5464506,208.92,1545.72,ask,1756904204226
1756904204.5972993,208.91,148.23,bid,1756904204282
1756904204.5972993,208.92,1627.69,ask,1756904204282
1756904204.6481733,208.91,74.27,bid,1756904204379
1756904204.6481733,208.92,1746.71,ask,1756904204379
1756904204.9610856,208.91,650.86,bid,1756904204578
1756904204.9610856,208.92,1836.31,ask,1756904204578
1756904204.9610856,208.91,650.86,bid,1756904204627
1756904204.9610856,208.92,1863.44,ask,1756904204627
1756904204.9994035,208.91,650.86,bid,1756904204684
1756904204.9994035,208.92,1781.47,ask,1756904204684
1756904205.0526457,208.91,650.86,bid,1756904204775
1756904205.0526457,208.92,1796.59,ask,1756904204775
1756904205.1899374,208.91,650.86,bid,1756904204829
1756904205.1899374,208.92,1810.66,ask,1756904204829
1756904205.5401914,208.91,652.35,bid,1756904204982
1756904205.5401914,208.92,1849.95,ask,1756904204982
1756904205.6650934,208.91,75.76,bid,1756904205177
1756904205.6650934,208.92,1888.06,ask,1756904205177
1756904205.8859162,208.91,75.76,bid,1756904205545
1756904205.8859162,208.92,1868.92,ask,1756904205545
1756904206.0245616,208.91,75.76,bid,1756904205691
1756904206.0245616,208.92,1882.7,ask,1756904205691
1756904206.107596,208.91,75.76,bid,1756904205835
1756904206.107596,208.92,1854.57,ask,1756904205835
1756904206.2914624,208.91,75.76,bid,1756904205958
1756904206.2914624,208.92,1873.71,ask,1756904205958
1756904206.9849396,208.91,75.76,bid,1756904206629
1756904206.9849396,208.92,1887.51,ask,1756904206629
1756904207.144955,208.91,75.76,bid,1756904206789
1756904207.144955,208.92,1894.4,ask,1756904206789
1756904207.247218,208.91,74.27,bid,1756904206842
1756904207.247218,208.92,1894.4,ask,1756904206842
1756904207.3477902,208.91,74.27,bid,1756904206977
1756904207.3477902,208.92,2782.18,ask,1756904206977
1756904207.419374,208.91,74.27,bid,1756904207108
1756904207.419374,208.92,3329.08,ask,1756904207108
1756904207.6442099,208.89,1.46,bid,1756904207310
1756904207.6442099,208.92,3479.71,ask,1756904207310
1756904207.8188772,208.89,1.46,bid,1756904207426
1756904207.8188772,208.9,1906.34,ask,1756904207426
1756904207.837138,208.84,651.03,bid,1756904207529
1756904207.837138,208.9,3959.87,ask,1756904207529
1756904208.0771778,208.84,639.03,bid,1756904207703
1756904208.0771778,208.85,403.96,ask,1756904207703
1756904208.2025743,208.84,594.03,bid,1756904207826
1756904208.2025743,208.85,713.67,ask,1756904207826
1756904208.4404392,208.84,596.35,bid,1756904208025
1756904208.4404392,208.85,1215.42,ask,1756904208025
1756904208.5302718,208.84,668.83,bid,1756904208150
1756904208.5302718,208.85,728.7,ask,1756904208150
1756904208.98541,208.84,826.92,bid,1756904208328
1756904208.98541,208.85,712.45,ask,1756904208328
1756904209.439199,208.84,826.92,bid,1756904208542
1756904209.439199,208.85,521.01,ask,1756904208542
1756904209.439199,208.84,825.43,bid,1756904208636
1756904209.439199,208.85,329.48,ask,1756904208636
1756904209.439199,208.84,1399.89,bid,1756904208745
1756904209.439199,208.85,329.48,ask,1756904208745
1756904209.439199,208.84,1401.38,bid,1756904208883
1756904209.439199,208.85,329.48,ask,1756904208883
1756904209.439199,208.84,1399.89,bid,1756904209134
1756904209.439199,208.85,329.48,ask,1756904209134
1756904209.743032,208.84,825.43,bid,1756904209251
1756904209.743032,208.85,329.48,ask,1756904209251
1756904209.7435415,208.83,85.93,bid,1756904209291
1756904209.7435415,208.85,329.48,ask,1756904209291
1756904209.7435415,208.82,196.45,bid,1756904209346
1756904209.7435415,208.84,430.94,ask,1756904209346
1756904209.793686,208.82,274.65,bid,1756904209456
1756904209.793686,208.83,502.78,ask,1756904209456
1756904209.9157684,208.82,196.45,bid,1756904209548
1756904209.9157684,208.83,2213.71,ask,1756904209548
1756904209.9157684,208.82,64.02,bid,1756904209611
1756904209.9157684,208.83,2809.87,ask,1756904209611
1756904209.940807,208.82,64.02,bid,1756904209664
1756904209.940807,208.83,2833.81,ask,1756904209664
1756904210.0984213,208.82,1059.77,bid,1756904209788
1756904210.0984213,208.83,1765.11,ask,1756904209788
1756904210.2361772,208.82,1059.77,bid,1756904209841
1756904210.2361772,208.83,2015.03,ask,1756904209841
1756904210.2657154,208.82,1059.77,bid,1756904209947
1756904210.2657154,208.83,1272.83,ask,1756904209947
1756904210.3529394,208.82,814.58,bid,1756904210059
1756904210.3529394,208.83,1272.83,ask,1756904210059
1756904210.597093,208.82,1071.26,bid,1756904210230
1756904210.597093,208.83,966.35,ask,1756904210230
1756904210.7158718,208.82,1071.26,bid,1756904210429
1756904210.7158718,208.83,726.93,ask,1756904210429
1756904211.1036506,208.82,1645.77,bid,1756904210761
1756904211.1036506,208.83,726.93,ask,1756904210761
1756904211.711473,208.82,1069.82,bid,1756904211376
1756904211.711473,208.83,726.93,ask,1756904211376
1756904211.7598042,208.82,782.56,bid,1756904211494
1756904211.7598042,208.83,726.93,ask,1756904211494
1756904212.0504007,208.82,62.07,bid,1756904211639
1756904212.0504007,208.83,987.63,ask,1756904211639
1756904212.077635,208.82,62.07,bid,1756904211700
1756904212.077635,208.83,1306.26,ask,1756904211700
1756904212.242398,208.82,62.07,bid,1756904211872
1756904212.242398,208.83,1402.04,ask,1756904211872
1756904212.275126,208.8,8.61,bid,1756904211975
1756904212.275126,208.83,1549.75,ask,1756904211975
1756904212.4296923,208.8,8.61,bid,1756904212065
1756904212.4296923,208.81,2238.31,ask,1756904212065
1756904212.5834348,208.8,8.61,bid,1756904212120
1756904212.5834348,208.81,2836.91,ask,1756904212120
1756904212.6788979,208.8,359.7,bid,1756904212274
1756904212.6788979,208.81,3076.35,ask,1756904212274
1756904212.8325925,208.8,961.83,bid,1756904212362
1756904212.8325925,208.81,2796.76,ask,1756904212362
1756904212.8890495,208.8,1322.92,bid,1756904212479
1756904212.8890495,208.81,2609.74,ask,1756904212479
1756904213.0336287,208.8,1377.96,bid,1756904212745
1756904213.0336287,208.81,526.78,ask,1756904212745
1756904213.1185868,208.8,1974.42,bid,1756904212794
1756904213.1185868,208.81,524.81,ask,1756904212794
1756904213.265288,208.8,2013.46,bid,1756904212877
1756904213.265288,208.81,407.06,ask,1756904212877
1756904213.2730849,208.8,2741.19,bid,1756904212946
1756904213.2730849,208.83,4.11,ask,1756904212946
1756904213.2901847,208.82,157.91,bid,1756904212996
1756904213.2901847,208.83,4.11,ask,1756904212996
1756904213.485093,208.82,766.58,bid,1756904213148
1756904213.485093,208.83,0.06,ask,1756904213148
1756904213.628051,208.82,1698.83,bid,1756904213277
1756904213.628051,208.83,0.06,ask,1756904213277
1756904213.7205687,208.82,1642.89,bid,1756904213347
1756904213.7205687,208.83,0.06,ask,1756904213347
1756904214.238744,208.82,1707.3,bid,1756904213477
1756904214.238744,208.83,0.06,ask,1756904213477
1756904214.238744,208.82,1536.99,bid,1756904213679
1756904214.238744,208.83,0.06,ask,1756904213679
1756904214.238744,208.82,1824.26,bid,1756904213774
1756904214.238744,208.83,0.06,ask,1756904213774
1756904214.4901993,208.82,1824.1,bid,1756904214022
1756904214.4901993,208.83,0.06,ask,1756904214022
1756904214.5431564,208.82,1824.1,bid,1756904214206
1756904214.5431564,208.85,194.36,ask,1756904214206
1756904214.6715674,208.84,192.61,bid,1756904214355
1756904214.6715674,208.85,194.36,ask,1756904214355
1756904214.8824687,208.84,394.9,bid,1756904214540
1756904214.8824687,208.85,81.81,ask,1756904214540
1756904214.9207933,208.84,463.21,bid,1756904214616
1756904214.9207933,208.85,191.52,ask,1756904214616
1756904215.0575304,208.84,189.07,bid,1756904214757
1756904215.0575304,208.85,549.21,ask,1756904214757
1756904215.088597,208.84,154.07,bid,1756904214810
1756904215.088597,208.85,1080.47,ask,1756904214810
1756904215.2490408,208.84,74.59,bid,1756904214962
1756904215.2490408,208.85,1035.59,ask,1756904214962
1756904215.367393,208.84,74.59,bid,1756904215032
1756904215.367393,208.85,1052.34,ask,1756904215032
1756904215.5378582,208.84,74.54,bid,1756904215155
1756904215.5378582,208.85,1137.81,ask,1756904215155
1756904215.5629964,208.84,74.54,bid,1756904215222
1756904215.5629964,208.85,1485.72,ask,1756904215222
1756904215.9869246,208.84,74.54,bid,1756904215674
1756904215.9869246,208.85,1581.48,ask,1756904215674
1756904216.261597,208.84,74.54,bid,1756904215967
1756904216.261597,208.85,1582.86,ask,1756904215967
1756904216.3361664,208.84,74.54,bid,1756904216023
1756904216.3361664,208.85,1572.07,ask,1756904216023
1756904216.630906,208.84,74.54,bid,1756904216368
1756904216.630906,208.85,1546.95,ask,1756904216368
1756904216.630906,208.84,115.56,bid,1756904216436
1756904216.630906,208.85,1446.7,ask,1756904216436
1756904216.8409913,208.84,115.56,bid,1756904216552
1756904216.8409913,208.85,1003.03,ask,1756904216552
1756904216.9420679,208.84,115.56,bid,1756904216642
1756904216.9420679,208.85,1014.28,ask,1756904216642
1756904217.1230114,208.84,115.56,bid,1756904216767
1756904217.1230114,208.85,1027.67,ask,1756904216767
1756904217.2469573,208.84,115.56,bid,1756904216966
1756904217.2469573,208.85,1041.54,ask,1756904216966
1756904217.3406615,208.84,74.54,bid,1756904217029
1756904217.3406615,208.85,1345.51,ask,1756904217029
1756904217.4971983,208.84,480.15,bid,1756904217168
1756904217.4971983,208.85,1283.85,ask,1756904217168
1756904217.6831946,208.84,480.15,bid,1756904217230
1756904217.6831946,208.85,975.61,ask,1756904217230
1756904217.763541,208.84,575.74,bid,1756904217355
1756904217.763541,208.85,650.02,ask,1756904217355
1756904217.7641006,208.84,575.74,bid,1756904217435
1756904217.7641006,208.85,54.14,ask,1756904217435
1756904217.9065251,208.84,719.39,bid,1756904217623
1756904217.9065251,208.85,21.62,ask,1756904217623
1756904218.1085284,208.84,1581.03,bid,1756904217768
1756904218.1085284,208.85,2.39,ask,1756904217768
1756904218.1173146,208.84,1606.03,bid,1756904217826
1756904218.1173146,208.85,2.39,ask,1756904217826
1756904218.2484782,208.84,1628.41,bid,1756904217970
1756904218.2484782,208.85,2.39,ask,1756904217970
1756904218.3455274,208.84,1692.21,bid,1756904218027
1756904218.3455274,208.85,0.98,ask,1756904218027
1756904218.451937,208.84,1692.21,bid,1756904218169
1756904218.451937,208.86,295.79,ask,1756904218169
1756904218.5411317,208.85,109.54,bid,1756904218242
1756904218.5411317,208.86,295.79,ask,1756904218242
1756904218.8192976,208.85,362.47,bid,1756904218369
1756904218.8192976,208.86,295.79,ask,1756904218369
1756904218.8192976,208.85,569.88,bid,1756904218439
1756904218.8192976,208.86,295.79,ask,1756904218439
1756904219.2745678,208.85,1573.79,bid,1756904218641
1756904219.2745678,208.86,327.5,ask,1756904218641
1756904219.2806692,208.85,1516.17,bid,1756904218845
1756904219.2806692,208.86,327.5,ask,1756904218845
1756904219.2806692,208.85,1481.17,bid,1756904218912
1756904219.2806692,208.86,327.5,ask,1756904218912
1756904219.4213195,208.85,906.72,bid,1756904219054
1756904219.4213195,208.86,327.5,ask,1756904219054
1756904219.4526196,208.85,862.45,bid,1756904219185
1756904219.4526196,208.86,327.5,ask,1756904219185
1756904219.791744,208.85,1392.63,bid,1756904219422
1756904219.791744,208.86,327.5,ask,1756904219422
1756904219.814647,208.85,1348.36,bid,1756904219516
1756904219.814647,208.86,327.5,ask,1756904219516
1756904219.829691,208.85,773.91,bid,1756904219583
1756904219.829691,208.86,327.5,ask,1756904219583
1756904219.9117293,208.85,1348.36,bid,1756904219657
1756904219.9117293,208.86,351.43,ask,1756904219657
1756904220.0512078,208.85,1348.36,bid,1756904219781
1756904220.0512078,208.86,365.44,ask,1756904219781
1756904220.2410314,208.85,1348.36,bid,1756904219858
1756904220.2410314,208.86,327.5,ask,1756904219858
1756904220.4233015,208.85,1348.36,bid,1756904220029
1756904220.4233015,208.86,329.89,ask,1756904220029
1756904220.46372,208.85,1373.36,bid,1756904220164
1756904220.46372,208.86,329.89,ask,1756904220164
1756904220.611245,208.85,1963.83,bid,1756904220320
1756904220.611245,208.86,2.39,ask,1756904220320
1756904220.8339815,208.85,1963.83,bid,1756904220370
1756904220.8339815,208.88,100.1,ask,1756904220370
1756904220.916508,208.87,609.67,bid,1756904220564
1756904220.916508,208.88,66.64,ask,1756904220564
1756904221.043501,208.87,1179.84,bid,1756904220687
1756904221.043501,208.88,271.55,ask,1756904220687
1756904221.255845,208.87,2131.29,bid,1756904220884
1756904221.255845,208.88,271.55,ask,1756904220884
1756904221.3899264,208.87,2052.35,bid,1756904220970
1756904221.3899264,208.88,271.55,ask,1756904220970
1756904221.4901085,208.87,2275.78,bid,1756904221164
1756904221.4901085,208.88,273.94,ask,1756904221164
1756904221.5682611,208.87,3710.36,bid,1756904221287
1756904221.5682611,208.88,82.82,ask,1756904221287
1756904221.8453135,208.87,3641.92,bid,1756904221387
1756904221.8453135,208.88,2.39,ask,1756904221387
1756904222.1079178,208.87,3735.66,bid,1756904221584
1756904222.1079178,208.92,192.92,ask,1756904221584
1756904222.1375694,208.91,50.15,bid,1756904221758
1756904222.1375694,208.92,192.92,ask,1756904221758
1756904222.3151555,208.91,85.15,bid,1756904221894
1756904222.3151555,208.92,192.92,ask,1756904221894
1756904222.478849,208.91,95.84,bid,1756904221958
1756904222.478849,208.92,192.92,ask,1756904221958
1756904222.478849,208.91,843.49,bid,1756904222060
1756904222.478849,208.92,192.62,ask,1756904222060
1756904222.597928,208.91,1359.41,bid,1756904222192
1756904222.597928,208.92,191.16,ask,1756904222192
1756904222.6432047,208.91,1410.43,bid,1756904222286
1756904222.6432047,208.92,193.55,ask,1756904222286
1756904222.727901,208.91,1976.34,bid,1756904222341
1756904222.727901,208.92,193.55,ask,1756904222341
1756904222.9906614,208.91,1947.57,bid,1756904222446
1756904222.9906614,208.92,193.79,ask,1756904222446
1756904223.0625303,208.91,1947.57,bid,1756904222744
1756904223.0625303,208.92,193.55,ask,1756904222744
1756904223.1084392,208.91,1852.0,bid,1756904222807
1756904223.1084392,208.92,193.55,ask,1756904222807
1756904223.527887,208.91,978.02,bid,1756904223219
1756904223.527887,208.92,385.06,ask,1756904223219
1756904223.5651639,208.91,978.02,bid,1756904223312
1756904223.5651639,208.92,1155.42,ask,1756904223312
1756904223.6644242,208.91,793.34,bid,1756904223371
1756904223.6644242,208.92,1914.71,ask,1756904223371
1756904223.6930287,208.91,1367.63,bid,1756904223422
1756904223.6930287,208.92,1914.71,ask,1756904223422
1756904223.9197593,208.91,793.34,bid,1756904223491
1756904223.9197593,208.92,1914.71,ask,1756904223491
1756904224.4924917,208.91,73.09,bid,1756904223690
1756904224.4924917,208.92,1928.72,ask,1756904223690
1756904224.4924917,208.91,73.09,bid,1756904223918
1756904224.4924917,208.92,1938.29,ask,1756904223918
1756904224.4929955,208.91,360.23,bid,1756904223965
1756904224.4929955,208.92,1794.65,ask,1756904223965
1756904224.4929955,208.91,739.06,bid,1756904224049
1756904224.4929955,208.92,1256.3,ask,1756904224049
1756904224.493506,208.91,739.06,bid,1756904224100
1756904224.493506,208.92,1269.69,ask,1756904224100
1756904224.6185093,208.91,1627.79,bid,1756904224214
1756904224.6185093,208.92,839.11,ask,1756904224214
1756904224.6646369,208.91,766.37,bid,1756904224289
1756904224.6646369,208.92,494.44,ask,1756904224289
1756904224.700442,208.91,884.97,bid,1756904224363
1756904224.700442,208.92,518.37,ask,1756904224363
1756904224.7920249,208.91,702.13,bid,1756904224507
1756904224.7920249,208.92,494.16,ask,1756904224507
1756904224.958225,208.91,125.54,bid,1756904224563
1756904224.958225,208.92,768.01,ask,1756904224563
1756904225.0898042,208.91,72.99,bid,1756904224708
1756904225.0898042,208.92,1396.45,ask,1756904224708
1756904225.1046119,208.91,72.99,bid,1756904224765
1756904225.1046119,208.92,1635.78,ask,1756904224765
1756904225.13109,208.91,72.99,bid,1756904224829
1756904225.13109,208.92,2016.93,ask,1756904224829
1756904225.2228515,208.91,44.22,bid,1756904224922
1756904225.2228515,208.92,2093.26,ask,1756904224922
1756904225.2906153,208.91,44.22,bid,1756904224992
1756904225.2906153,208.92,2189.16,ask,1756904224992
1756904225.6386826,208.91,35.0,bid,1756904225084
1756904225.6386826,208.92,2258.2,ask,1756904225084
1756904225.6412396,208.88,12.63,bid,1756904225223
1756904225.6412396,208.89,1518.96,ask,1756904225223
1756904225.83576,208.87,339.33,bid,1756904225415
1756904225.83576,208.89,2873.12,ask,1756904225415
1756904226.0300012,208.87,347.67,bid,1756904225574
1756904226.0300012,208.88,91.0,ask,1756904225574
1756904226.0461085,208.87,40.49,bid,1756904225720
1756904226.0461085,208.88,112.0,ask,1756904225720
1756904226.2017114,208.87,195.77,bid,1756904225828
1756904226.2017114,208.88,112.0,ask,1756904225828
1756904226.2414896,208.87,1344.41,bid,1756904225922
1756904226.2414896,208.88,122.5,ask,1756904225922
1756904226.3138871,208.87,1038.43,bid,1756904225977
1756904226.3138871,208.88,91.0,ask,1756904225977
1756904226.444174,208.87,1684.54,bid,1756904226135
1756904226.444174,208.88,80.5,ask,1756904226135
1756904226.7135794,208.87,1686.93,bid,1756904226349
1756904226.7135794,208.88,80.5,ask,1756904226349
1756904227.1814382,208.87,3218.45,bid,1756904226753
1756904227.1814382,208.89,25.21,ask,1756904226753
1756904227.3514493,208.88,208.04,bid,1756904226833
1756904227.3514493,208.92,219.9,ask,1756904226833
1756904227.3868885,208.91,49.77,bid,1756904226942
1756904227.3868885,208.92,191.25,ask,1756904226942
1756904227.415916,208.91,70.77,bid,1756904227027
1756904227.415916,208.92,190.99,ask,1756904227027
1756904227.4527652,208.91,166.35,bid,1756904227162
1756904227.4527652,208.92,190.99,ask,1756904227162
1756904227.58801,208.91,185.31,bid,1756904227231
1756904227.58801,208.92,190.99,ask,1756904227231
1756904227.8158755,208.91,1217.04,bid,1756904227359
1756904227.8158755,208.92,190.99,ask,1756904227359
1756904228.000851,208.91,1238.69,bid,1756904227429
1756904228.000851,208.92,190.99,ask,1756904227429
1756904228.0985415,208.91,2087.23,bid,1756904227546
1756904228.0985415,208.92,190.85,ask,1756904227546
1756904228.3496366,208.91,3809.86,bid,1756904227923
1756904228.3496366,208.94,4.28,ask,1756904227923
1756904228.477772,208.93,31.59,bid,1756904228030
1756904228.477772,208.94,2.19,ask,1756904228030
1756904228.5316596,208.93,770.04,bid,1756904228181
1756904228.5316596,208.94,2.19,ask,1756904228181
1756904228.7799103,208.93,1200.97,bid,1756904228273
1756904228.7799103,208.94,1.95,ask,1756904228273
1756904228.811451,208.93,1339.62,bid,1756904228388
1756904228.811451,208.94,1.95,ask,1756904228388
1756904228.826678,208.93,1435.18,bid,1756904228457
1756904228.826678,208.94,1.71,ask,1756904228457
1756904229.4236617,208.93,1918.35,bid,1756904228609
1756904229.4236617,208.94,1.71,ask,1756904228609
1756904229.4236617,208.93,1750.17,bid,1756904228836
1756904229.4236617,208.94,1.71,ask,1756904228836
1756904229.4236617,208.93,1654.61,bid,1756904228923
1756904229.4236617,208.94,1.71,ask,1756904228923
1756904229.5639691,208.93,1654.61,bid,1756904229021
1756904229.5639691,208.94,0.79,ask,1756904229021
1756904229.6677487,208.93,1654.61,bid,1756904229371
1756904229.6677487,208.94,0.92,ask,1756904229371
1756904229.869976,208.93,1910.13,bid,1756904229521
1756904229.869976,208.94,0.92,ask,1756904229521
1756904230.0703814,208.93,1910.13,bid,1756904229748
1756904230.0703814,208.96,21.32,ask,1756904229748
1756904230.2130687,208.95,35.0,bid,1756904229816
1756904230.2130687,208.96,21.32,ask,1756904229816
1756904230.4160721,208.95,328.25,bid,1756904229956
1756904230.4160721,208.96,0.85,ask,1756904229956
1756904230.6715455,208.95,3697.01,bid,1756904230138
1756904230.6715455,208.97,4.41,ask,1756904230138
1756904230.8307743,208.96,56.0,bid,1756904230437
1756904230.8307743,208.97,4.41,ask,1756904230437
1756904230.9185612,208.96,244.63,bid,1756904230501
1756904230.9185612,208.97,4.41,ask,1756904230501
1756904231.2106717,208.96,469.47,bid,1756904230546
1756904231.2106717,208.97,4.41,ask,1756904230546
1756904231.2106717,208.96,1215.74,bid,1756904230639
1756904231.2106717,209.0,4.41,ask,1756904230639
1756904231.3075163,208.99,113.54,bid,1756904230813
1756904231.3075163,209.0,4.41,ask,1756904230813
1756904231.5452013,208.99,1046.42,bid,1756904230984
1756904231.5452013,209.0,4.41,ask,1756904230984
1756904231.5452013,208.99,1924.09,bid,1756904231097
1756904231.5452013,209.0,4.41,ask,1756904231097
1756904231.681944,208.99,1885.92,bid,1756904231197
1756904231.681944,209.0,4.41,ask,1756904231197
1756904231.7941358,208.99,1933.11,bid,1756904231324
1756904231.7941358,209.0,4.41,ask,1756904231324
1756904231.8452973,208.99,1873.14,bid,1756904231460
1756904231.8452973,209.0,4.41,ask,1756904231460
1756904231.94975,208.99,327.85,bid,1756904231609
1756904231.94975,209.0,362.13,ask,1756904231609
1756904232.0453632,208.99,120.53,bid,1756904231672
1756904232.0453632,209.0,941.5,ask,1756904231672
1756904232.2232127,208.98,23.69,bid,1756904231801
1756904232.2232127,209.0,1827.6,ask,1756904231801
1756904232.5347114,208.94,20.95,bid,1756904232004
1756904232.5347114,208.99,5098.23,ask,1756904232004
1756904232.6076643,208.94,20.95,bid,1756904232164
1756904232.6076643,208.95,452.8,ask,1756904232164
1756904232.638911,208.94,20.95,bid,1756904232287
1756904232.638911,208.95,580.0,ask,1756904232287
1756904232.7914746,208.94,19.57,bid,1756904232430
1756904232.7914746,208.95,580.0,ask,1756904232430
1756904233.0135221,208.94,904.55,bid,1756904232539
1756904233.0135221,208.95,867.1,ask,1756904232539
1756904233.0778334,208.94,929.55,bid,1756904232636
1756904233.0778334,208.95,771.41,ask,1756904232636
1756904233.2384686,208.94,1679.17,bid,1756904232809
1756904233.2384686,208.95,367.6,ask,1756904232809
1756904233.5611722,208.94,2253.24,bid,1756904233136
1756904233.5611722,208.95,367.6,ask,1756904233136
1756904233.6534917,208.94,2268.42,bid,1756904233263
1756904233.6534917,208.99,51.0,ask,1756904233263
1756904233.7414238,208.94,2282.28,bid,1756904233344
1756904233.7414238,208.99,51.0,ask,1756904233344
1756904234.0706148,208.94,2713.41,bid,1756904233539
1756904234.0706148,208.98,4.05,ask,1756904233539
1756904234.5501919,208.95,1402.72,bid,1756904233754
1756904234.5501919,208.98,4.05,ask,1756904233754
1756904234.550698,208.97,381.05,bid,1756904233820
1756904234.550698,208.98,4.05,ask,1756904233820
1756904234.550698,208.97,615.21,bid,1756904233956
1756904234.550698,208.99,162.78,ask,1756904233956
1756904234.5512218,208.97,1388.47,bid,1756904234077
1756904234.5512218,208.98,9.56,ask,1756904234077
1756904234.7131178,208.97,1408.19,bid,1756904234234
1756904234.7131178,208.98,13.61,ask,1756904234234
1756904234.788804,208.97,1198.19,bid,1756904234363
1756904234.788804,208.98,13.61,ask,1756904234363
1756904234.7986739,208.97,1060.15,bid,1756904234557
1756904234.7986739,208.98,13.61,ask,1756904234557
1756904234.9983513,208.97,1016.92,bid,1756904234639
1756904234.9983513,209.0,120.05,ask,1756904234639
1756904235.1895707,208.98,144.44,bid,1756904234780
1756904235.1895707,208.99,47.22,ask,1756904234780
1756904235.2396002,208.98,345.19,bid,1756904234866
1756904235.2396002,208.99,47.22,ask,1756904234866
1756904235.3000245,208.98,415.19,bid,1756904234974
1756904235.3000245,209.0,172.51,ask,1756904234974
1756904235.4907,208.99,54.72,bid,1756904235067
1756904235.4907,209.0,149.09,ask,1756904235067
1756904235.5785701,208.99,214.44,bid,1756904235155
1756904235.5785701,209.0,149.09,ask,1756904235155
1756904235.7789092,208.99,413.6,bid,1756904235268
1756904235.7789092,209.0,380.58,ask,1756904235268
1756904235.7789092,208.99,1063.51,bid,1756904235468
1756904235.7789092,209.0,207.28,ask,1756904235468
1756904235.8245134,208.99,1115.3,bid,1756904235570
1756904235.8245134,209.0,244.13,ask,1756904235570
1756904236.0545824,208.99,1075.39,bid,1756904235665
1756904236.0545824,209.0,96.9,ask,1756904235665
1756904236.3450582,208.99,1266.62,bid,1756904235959
1756904236.3450582,209.01,146.57,ask,1756904235959
1756904236.4363787,209.0,204.36,bid,1756904236061
1756904236.4363787,209.01,13.31,ask,1756904236061
1756904236.6092448,209.0,608.22,bid,1756904236179
1756904236.6092448,209.01,206.31,ask,1756904236179
1756904236.7167933,209.0,835.84,bid,1756904236311
1756904236.7167933,209.01,206.31,ask,1756904236311
1756904236.7585099,209.0,801.18,bid,1756904236469
1756904236.7585099,209.01,43.86,ask,1756904236469
1756904236.812135,209.0,1003.99,bid,1756904236539
1756904236.812135,209.01,67.78,ask,1756904236539
1756904236.8778062,209.0,984.27,bid,1756904236593
1756904236.8778062,209.01,69.76,ask,1756904236593
1756904236.9353166,209.0,964.55,bid,1756904236671
1756904236.9353166,209.01,63.05,ask,1756904236671
1756904237.0334477,209.0,964.55,bid,1756904236741
1756904237.0334477,209.01,56.45,ask,1756904236741
1756904237.1501064,209.0,868.85,bid,1756904236794
1756904237.1501064,209.01,56.45,ask,1756904236794
1756904237.187718,209.0,690.29,bid,1756904236873
1756904237.187718,209.01,107.24,ask,1756904236873
1756904237.196634,209.0,690.29,bid,1756904236941
1756904237.196634,209.01,83.32,ask,1756904236941
1756904237.3215158,209.0,690.29,bid,1756904237002
1756904237.3215158,209.01,120.81,ask,1756904237002
1756904237.496166,209.0,546.75,bid,1756904237142
1756904237.496166,209.01,463.83,ask,1756904237142
1756904237.6359563,209.0,503.52,bid,1756904237277
1756904237.6359563,209.01,3.48,ask,1756904237277
1756904237.8297057,209.0,503.52,bid,1756904237453
1756904237.8297057,209.01,300.19,ask,1756904237453
1756904237.8495357,209.0,384.93,bid,1756904237544
1756904237.8495357,209.01,584.05,ask,1756904237544
1756904237.8859415,209.0,384.93,bid,1756904237613
1756904237.8859415,209.01,662.47,ask,1756904237613
1756904237.9787338,209.0,377.58,bid,1756904237684
1756904237.9787338,209.01,719.5,ask,1756904237684
1756904238.3121066,209.0,377.58,bid,1756904237893
1756904238.3121066,209.01,692.5,ask,1756904237893
1756904238.3384666,209.0,377.58,bid,1756904238016
1756904238.3384666,209.01,692.23,ask,1756904238016
1756904238.38983,209.0,304.95,bid,1756904238083
1756904238.38983,209.01,769.51,ask,1756904238083
1756904238.5277452,209.0,304.95,bid,1756904238147
1756904238.5277452,209.01,692.23,ask,1756904238147
1756904238.579519,209.0,304.95,bid,1756904238286
1756904238.579519,209.01,744.78,ask,1756904238286
1756904238.6907864,209.0,453.36,bid,1756904238348
1756904238.6907864,209.01,744.78,ask,1756904238348
1756904238.8686585,209.0,127.17,bid,1756904238548
1756904238.8686585,209.01,1610.98,ask,1756904238548
1756904239.530143,209.0,92.17,bid,1756904238718
1756904239.530143,209.01,1924.99,ask,1756904238718
1756904239.530143,208.99,2.39,bid,1756904238879
1756904239.530143,209.0,765.51,ask,1756904238879
1756904239.530143,208.99,2.39,bid,1756904238933
1756904239.530143,209.0,3653.15,ask,1756904238933
1756904239.8263986,208.99,2.39,bid,1756904239135
1756904239.8263986,209.0,4938.06,ask,1756904239135
1756904239.8263986,208.99,2.39,bid,1756904239312
1756904239.8263986,209.0,5624.63,ask,1756904239312
1756904239.8263986,208.99,2.39,bid,1756904239366
1756904239.8263986,209.0,5630.86,ask,1756904239366
1756904239.9742856,208.99,2.39,bid,1756904239509
1756904239.9742856,209.0,5874.42,ask,1756904239509
1756904239.9742856,208.99,2.39,bid,1756904239573
1756904239.9742856,209.0,5770.56,ask,1756904239573
1756904240.0629537,208.99,2.39,bid,1756904239711
1756904240.0629537,209.0,5867.38,ask,1756904239711
1756904240.1827114,208.99,2.39,bid,1756904239812
1756904240.1827114,209.0,5799.54,ask,1756904239812
1756904240.2787104,208.99,2.39,bid,1756904239913
1756904240.2787104,209.0,5416.59,ask,1756904239913
1756904240.6015546,208.99,2.39,bid,1756904239996
1756904240.6015546,209.0,3330.8,ask,1756904239996
1756904240.662021,208.97,1.46,bid,1756904240226
1756904240.662021,209.0,4066.39,ask,1756904240226
1756904240.8452265,208.97,1.46,bid,1756904240399
1756904240.8452265,208.98,3103.23,ask,1756904240399
1756904240.8452265,208.97,1.46,bid,1756904240459
1756904240.8452265,208.98,4018.6,ask,1756904240459
1756904241.070548,208.97,1.46,bid,1756904240555
1756904241.070548,208.98,4270.91,ask,1756904240555
1756904241.145577,208.97,1.46,bid,1756904240705
1756904241.145577,208.98,4902.71,ask,1756904240705
1756904241.1650362,208.97,1.46,bid,1756904240767
1756904241.1650362,208.98,4712.32,ask,1756904240767
1756904241.190797,208.97,1.46,bid,1756904240843
1756904241.190797,208.98,5378.69,ask,1756904240843
1756904241.3077278,208.97,1.46,bid,1756904240966
1756904241.3077278,208.98,5959.58,ask,1756904240966
1756904241.3854136,208.97,2.39,bid,1756904241043
1756904241.3854136,208.98,5822.94,ask,1756904241043
1756904241.5362933,208.97,2.39,bid,1756904241134
1756904241.5362933,208.98,3937.46,ask,1756904241134
1756904241.6995509,208.97,2.39,bid,1756904241199
1756904241.6995509,208.98,3513.88,ask,1756904241199
1756904241.7347407,208.97,2.39,bid,1756904241329
1756904241.7347407,208.98,1870.34,ask,1756904241329
1756904241.8515172,208.94,3.82,bid,1756904241471
1756904241.8515172,208.98,1870.34,ask,1756904241471
1756904242.135877,208.93,2.84,bid,1756904241602
1756904242.135877,208.95,1304.95,ask,1756904241602
1756904242.1641536,208.93,2.84,bid,1756904241680
1756904242.1641536,208.94,447.45,ask,1756904241680
1756904242.2411397,208.93,194.88,bid,1756904241810
1756904242.2411397,208.94,695.48,ask,1756904241810
1756904242.3346038,208.93,194.88,bid,1756904241867
1756904242.3346038,208.94,893.12,ask,1756904241867
1756904242.3352659,208.93,131.08,bid,1756904241968
1756904242.3352659,208.94,886.89,ask,1756904241968
1756904242.3915062,208.93,131.08,bid,1756904242031
1756904242.3915062,208.94,1259.23,ask,1756904242031
1756904242.450961,208.93,1.38,bid,1756904242154
