timestamp,price,size,side,exchange_timestamp
1756904112.7999077,111038.0,8.84885,bid,1756904112212
1756904112.7999077,111039.0,0.0036,ask,1756904112212
1756904112.7999077,111038.0,5.60646,bid,1756904112363
1756904112.7999077,111039.0,0.0036,ask,1756904112363
1756904113.19153,111038.0,3.51822,bid,1756904112468
1756904113.19153,111039.0,0.00371,ask,1756904112468
1756904113.19153,111038.0,3.54864,bid,1756904112708
1756904113.19153,111039.0,0.00263,ask,1756904112708
1756904113.3337147,111038.0,3.58404,bid,1756904112834
1756904113.3337147,111039.0,0.00263,ask,1756904112834
1756904113.4518943,111038.0,4.0427,bid,1756904113112
1756904113.4518943,111039.0,0.00263,ask,1756904113112
1756904113.5301602,111038.0,4.0073,bid,1756904113262
1756904113.5301602,111042.0,0.75311,ask,1756904113262
1756904113.6442847,111041.0,7.78049,bid,1756904113305
1756904113.6442847,111042.0,0.75311,ask,1756904113305
1756904113.696186,111041.0,9.35544,bid,1756904113377
1756904113.696186,111042.0,0.75311,ask,1756904113377
1756904113.9587095,111041.0,12.64995,bid,1756904113538
1756904113.9587095,111042.0,0.13505,ask,1756904113538
1756904114.04363,111041.0,12.54824,bid,1756904113631
1756904114.04363,111042.0,2.386,ask,1756904113631
1756904114.168723,111041.0,12.87317,bid,1756904113704
1756904114.168723,111042.0,2.41803,ask,1756904113704
1756904114.168723,111041.0,16.46224,bid,1756904113833
1756904114.168723,111042.0,2.41814,ask,1756904113833
1756904114.193394,111041.0,15.65734,bid,1756904113916
1756904114.193394,111042.0,2.41814,ask,1756904113916
1756904114.2461581,111041.0,14.86276,bid,1756904113983
1756904114.2461581,111042.0,2.46713,ask,1756904113983
1756904114.4215822,111041.0,15.1681,bid,1756904114062
1756904114.4215822,111042.0,2.33208,ask,1756904114062
1756904114.576629,111041.0,11.4547,bid,1756904114244
1756904114.576629,111042.0,2.33208,ask,1756904114244
1756904114.6270297,111041.0,10.80859,bid,1756904114302
1756904114.6270297,111042.0,2.33208,ask,1756904114302
1756904114.7456815,111041.0,10.80859,bid,1756904114461
1756904114.7456815,111042.0,5.03323,ask,1756904114461
1756904114.8266792,111041.0,9.73497,bid,1756904114513
1756904114.8266792,111042.0,1.12447,ask,1756904114513
1756904114.8985124,111041.0,9.73497,bid,1756904114606
1756904114.8985124,111042.0,2.47502,ask,1756904114606
1756904115.16126,111041.0,9.73497,bid,1756904114718
1756904115.16126,111042.0,2.32806,ask,1756904114718
1756904115.200352,111041.0,10.18451,bid,1756904114923
1756904115.200352,111042.0,2.31689,ask,1756904114923
1756904115.297964,111041.0,10.19332,bid,1756904115005
1756904115.297964,111042.0,4.56784,ask,1756904115005
1756904115.336872,111041.0,10.19332,bid,1756904115066
1756904115.336872,111042.0,5.01805,ask,1756904115066
1756904115.4209032,111041.0,9.74378,bid,1756904115123
1756904115.4209032,111042.0,5.01805,ask,1756904115123
1756904115.577408,111041.0,9.74378,bid,1756904115208
1756904115.577408,111042.0,5.19801,ask,1756904115208
1756904115.6199138,111041.0,9.69876,bid,1756904115273
1756904115.6199138,111042.0,5.95378,ask,1756904115273
1756904116.2747414,111041.0,9.86697,bid,1756904115799
1756904116.2747414,111042.0,5.28472,ask,1756904115799
1756904116.5236835,111041.0,9.69876,bid,1756904116054
1756904116.5236835,111042.0,6.15547,ask,1756904116054
1756904116.5864594,111041.0,9.69876,bid,1756904116233
1756904116.5864594,111042.0,7.50604,ask,1756904116233
1756904116.747484,111041.0,9.69876,bid,1756904116329
1756904116.747484,111042.0,6.76388,ask,1756904116329
1756904116.747484,111041.0,9.68995,bid,1756904116407
1756904116.747484,111042.0,6.35652,ask,1756904116407
1756904116.7823324,111041.0,9.68995,bid,1756904116476
1756904116.7823324,111042.0,5.28439,ask,1756904116476
1756904116.880276,111041.0,9.87848,bid,1756904116604
1756904116.880276,111042.0,0.33229,ask,1756904116604
1756904117.0759032,111041.0,9.87848,bid,1756904116776
1756904117.0759032,111042.0,0.20067,ask,1756904116776
1756904117.2679217,111041.0,9.68995,bid,1756904116846
1756904117.2679217,111042.0,4.89105,ask,1756904116846
1756904117.2992156,111041.0,9.68995,bid,1756904116994
1756904117.2992156,111042.0,7.59219,ask,1756904116994
1756904117.3749483,111041.0,9.68995,bid,1756904117051
1756904117.3749483,111042.0,6.01472,ask,1756904117051
1756904117.4796622,111041.0,9.68995,bid,1756904117199
1756904117.4796622,111042.0,2.91062,ask,1756904117199
1756904117.8134296,111041.0,9.68995,bid,1756904117392
1756904117.8134296,111042.0,0.20948,ask,1756904117392
1756904117.9701269,111041.0,10.05956,bid,1756904117474
1756904117.9701269,111042.0,2.46043,ask,1756904117474
1756904118.5628932,111041.0,9.99037,bid,1756904117600
1756904118.5628932,111042.0,2.69054,ask,1756904117600
1756904118.5628932,111041.0,9.62076,bid,1756904117776
1756904118.5628932,111042.0,2.55549,ask,1756904117776
1756904118.5628932,111041.0,9.75581,bid,1756904117887
1756904118.5628932,111042.0,1.65511,ask,1756904117887
1756904118.5654123,111041.0,11.10637,bid,1756904117942
1756904118.5654123,111042.0,0.07344,ask,1756904117942
1756904118.5654123,111041.0,10.97132,bid,1756904118000
1756904118.5654123,111042.0,0.07344,ask,1756904118000
1756904118.5654123,111041.0,9.65118,bid,1756904118094
1756904118.5654123,111042.0,0.05791,ask,1756904118094
1756904118.5654123,111041.0,10.27498,bid,1756904118142
1756904118.5654123,111042.0,0.05791,ask,1756904118142
1756904118.9465356,111041.0,10.41003,bid,1756904118478
1756904118.9465356,111042.0,5.01001,ask,1756904118478
1756904118.9465356,111041.0,10.10134,bid,1756904118535
1756904118.9465356,111042.0,5.15047,ask,1756904118535
1756904119.018003,111041.0,10.10134,bid,1756904118757
1756904119.018003,111042.0,0.19837,ask,1756904118757
1756904119.1785116,111041.0,10.10134,bid,1756904118850
1756904119.1785116,111042.0,2.75024,ask,1756904118850
1756904119.2578177,111041.0,9.85541,bid,1756904118910
1756904119.2578177,111042.0,2.75024,ask,1756904118910
1756904119.4009838,111041.0,16.75693,bid,1756904119029
1756904119.4009838,111042.0,0.0491,ask,1756904119029
1756904119.5083497,111041.0,15.10033,bid,1756904119078
1756904119.5083497,111042.0,0.00011,ask,1756904119078
1756904119.5715146,111041.0,16.90108,bid,1756904119140
1756904119.5715146,111042.0,0.00011,ask,1756904119140
1756904119.6616378,111041.0,17.03312,bid,1756904119220
1756904119.6616378,111042.0,0.00011,ask,1756904119220
1756904119.6986775,111041.0,14.69661,bid,1756904119360
1756904119.6986775,111042.0,0.00011,ask,1756904119360
1756904120.1576948,111041.0,11.54531,bid,1756904119747
1756904120.1576948,111042.0,0.04786,ask,1756904119747
1756904120.180724,111041.0,11.58113,bid,1756904119851
1756904120.180724,111042.0,0.04786,ask,1756904119851
1756904120.3106716,111041.0,11.58994,bid,1756904119906
1756904120.3106716,111042.0,0.05069,ask,1756904119906
1756904120.3106716,111041.0,11.58994,bid,1756904119969
1756904120.3106716,111042.0,0.05058,ask,1756904119969
1756904120.652321,111041.0,11.55412,bid,1756904120244
1756904120.652321,111042.0,0.00283,ask,1756904120244
1756904120.9627895,111041.0,11.55412,bid,1756904120531
1756904120.9627895,111042.0,0.04783,ask,1756904120531
1756904121.1444838,111041.0,11.55412,bid,1756904120853
1756904121.1444838,111042.0,0.04683,ask,1756904120853
1756904121.3059072,111041.0,11.58943,bid,1756904120928
1756904121.3059072,111042.0,0.04683,ask,1756904120928
1756904121.349913,111041.0,11.55412,bid,1756904120995
1756904121.349913,111042.0,0.04683,ask,1756904120995
1756904121.4561307,111041.0,11.54531,bid,1756904121074
1756904121.4561307,111042.0,0.04683,ask,1756904121074
1756904121.625532,111041.0,11.54531,bid,1756904121206
1756904121.625532,111042.0,0.0934,ask,1756904121206
1756904121.8456178,111041.0,12.9047,bid,1756904121465
1756904121.8456178,111044.0,1.15699,ask,1756904121465
1756904121.9080164,111043.0,7.45646,bid,1756904121555
1756904121.9080164,111044.0,2.34093,ask,1756904121555
1756904122.0010934,111043.0,7.6872,bid,1756904121626
1756904122.0010934,111044.0,0.54021,ask,1756904121626
1756904122.0761867,111043.0,7.83631,bid,1756904121675
1756904122.0761867,111044.0,0.54021,ask,1756904121675
1756904122.089256,111043.0,10.92613,bid,1756904121799
1756904122.089256,111044.0,2.81111,ask,1756904121799
1756904122.1347873,111043.0,11.31992,bid,1756904121852
1756904122.1347873,111044.0,4.16167,ask,1756904121852
1756904122.1803944,111043.0,11.17978,bid,1756904121933
1756904122.1803944,111044.0,5.10707,ask,1756904121933
1756904122.306031,111043.0,10.11547,bid,1756904121992
1756904122.306031,111044.0,5.54268,ask,1756904121992
1756904122.3672354,111043.0,10.06208,bid,1756904122049
1756904122.3672354,111044.0,5.54258,ask,1756904122049
1756904122.4368734,111043.0,9.47127,bid,1756904122148
1756904122.4368734,111044.0,5.49782,ask,1756904122148
1756904122.6180744,111043.0,9.00447,bid,1756904122264
1756904122.6180744,111044.0,5.87412,ask,1756904122264
1756904122.6180744,111043.0,7.92991,bid,1756904122316
1756904122.6180744,111044.0,5.87412,ask,1756904122316
1756904122.6700618,111043.0,7.92991,bid,1756904122317
1756904122.6700618,111044.0,6.05405,ask,1756904122317
1756904122.9371266,111043.0,7.95996,bid,1756904122471
1756904122.9371266,111044.0,6.05405,ask,1756904122471
1756904123.3584495,111043.0,8.5034,bid,1756904122653
1756904123.3584495,111044.0,6.05405,ask,1756904122653
1756904123.3594997,111043.0,8.5034,bid,1756904122844
1756904123.3594997,111044.0,6.05404,ask,1756904122844
1756904123.3594997,111043.0,9.43462,bid,1756904122912
1756904123.3594997,111044.0,6.05404,ask,1756904122912
1756904123.3594997,111043.0,9.43178,bid,1756904123049
1756904123.3594997,111044.0,6.05404,ask,1756904123049
1756904123.5201898,111043.0,8.50937,bid,1756904123111
1756904123.5201898,111044.0,6.05404,ask,1756904123111
1756904123.6193998,111043.0,8.01095,bid,1756904123203
1756904123.6193998,111044.0,4.85556,ask,1756904123203
1756904123.7707977,111043.0,4.45244,bid,1756904123394
1756904123.7707977,111044.0,6.99149,ask,1756904123394
1756904123.806644,111043.0,3.53407,bid,1756904123451
1756904123.806644,111044.0,6.83942,ask,1756904123451
1756904123.893089,111043.0,3.48905,bid,1756904123570
1756904123.893089,111044.0,9.94051,ask,1756904123570
1756904123.9082303,111043.0,3.48916,bid,1756904123647
1756904123.9082303,111044.0,9.97225,ask,1756904123647
1756904124.2012482,111043.0,3.48916,bid,1756904123786
1756904124.2012482,111044.0,7.27116,ask,1756904123786
1756904124.4072332,111043.0,3.38953,bid,1756904123847
1756904124.4072332,111044.0,7.27116,ask,1756904123847
1756904124.407747,111043.0,3.11267,bid,1756904123948
1756904124.407747,111044.0,7.27116,ask,1756904123948
1756904124.407747,111043.0,2.28147,bid,1756904123999
1756904124.407747,111044.0,7.27116,ask,1756904123999
1756904124.407747,111043.0,2.28147,bid,1756904124061
1756904124.407747,111044.0,7.27099,ask,1756904124061
1756904124.6359065,111043.0,1.36429,bid,1756904124216
1756904124.6359065,111044.0,7.27099,ask,1756904124216
1756904124.7683387,111043.0,2.25583,bid,1756904124352
1756904124.7683387,111044.0,7.27099,ask,1756904124352
1756904124.8306103,111043.0,1.32001,bid,1756904124431
1756904124.8306103,111044.0,7.27099,ask,1756904124431
1756904124.988081,111043.0,1.33801,bid,1756904124771
1756904124.988081,111044.0,7.27099,ask,1756904124771
1756904125.0745437,111043.0,1.11487,bid,1756904124788
1756904125.0745437,111044.0,7.27099,ask,1756904124788
1756904125.2070835,111043.0,2.03323,bid,1756904124846
1756904125.2070835,111044.0,6.90677,ask,1756904124846
1756904125.4910483,111043.0,2.01523,bid,1756904125024
1756904125.4910483,111044.0,6.9065,ask,1756904125024
1756904125.5280962,111043.0,2.01523,bid,1756904125135
1756904125.5280962,111044.0,6.73931,ask,1756904125135
1756904125.5853972,111043.0,2.4476,bid,1756904125226
1756904125.5853972,111044.0,6.70931,ask,1756904125226
1756904125.7608113,111043.0,2.01523,bid,1756904125426
1756904125.7608113,111044.0,7.24952,ask,1756904125426
1756904125.857167,111043.0,1.11487,bid,1756904125491
1756904125.857167,111044.0,7.41348,ask,1756904125491
1756904126.017115,111043.0,2.01523,bid,1756904125729
1756904126.017115,111044.0,7.24952,ask,1756904125729
1756904126.0712993,111043.0,1.94606,bid,1756904125798
1756904126.0712993,111044.0,7.24952,ask,1756904125798
1756904126.15776,111043.0,1.08397,bid,1756904125856
1756904126.15776,111044.0,7.24952,ask,1756904125856
1756904126.6929915,111043.0,1.08397,bid,1756904125998
1756904126.6929915,111044.0,6.70931,ask,1756904125998
1756904126.747453,111043.0,2.38357,bid,1756904126124
1756904126.747453,111044.0,6.70931,ask,1756904126124
1756904128.6991887,111043.0,2.38357,bid,1756904126851
1756904128.6991887,111044.0,6.66861,ask,1756904126851
1756904128.7063515,111043.0,2.38357,bid,1756904127045
1756904128.7063515,111044.0,6.81237,ask,1756904127045
1756904128.7215707,111043.0,2.0535,bid,1756904127170
1756904128.7215707,111044.0,6.81237,ask,1756904127170
1756904129.059978,111043.0,2.0535,bid,1756904127291
1756904129.059978,111044.0,6.66851,ask,1756904127291
1756904129.059978,111043.0,1.15314,bid,1756904127631
1756904129.059978,111044.0,7.02864,ask,1756904127631
1756904129.059978,111043.0,1.15083,bid,1756904127736
1756904129.059978,111044.0,7.02001,ask,1756904127736
1756904129.062487,111043.0,2.05119,bid,1756904127871
1756904129.062487,111044.0,7.02001,ask,1756904127871
1756904129.4762685,111043.0,1.06779,bid,1756904127948
1756904129.4762685,111044.0,7.02001,ask,1756904127948
1756904129.47893,111043.0,0.97776,bid,1756904128171
1756904129.47893,111044.0,9.7211,ask,1756904128171
1756904129.4800036,111043.0,0.97776,bid,1756904128340
1756904129.4800036,111044.0,13.49219,ask,1756904128340
1756904129.4800036,111043.0,1.35203,bid,1756904128450
1756904129.4800036,111044.0,13.72393,ask,1756904128450
1756904129.4805264,111043.0,0.97776,bid,1756904128513
1756904129.4805264,111044.0,13.90404,ask,1756904128513
1756904129.4805264,111043.0,0.97776,bid,1756904128645
1756904129.4805264,111044.0,14.30466,ask,1756904128645
1756904129.6823094,111043.0,0.97776,bid,1756904128879
1756904129.6823094,111044.0,11.40357,ask,1756904128879
1756904129.6828318,111043.0,1.87812,bid,1756904129085
1756904129.6828318,111044.0,11.39407,ask,1756904129085
1756904129.789822,111043.0,0.97776,bid,1756904129149
1756904129.789822,111044.0,10.48882,ask,1756904129149
1756904130.032722,111043.0,0.88773,bid,1756904129420
1756904130.032722,111044.0,11.56317,ask,1756904129420
1756904130.032722,111043.0,0.97776,bid,1756904129668
1756904130.032722,111044.0,14.34438,ask,1756904129668
1756904130.1403534,111043.0,0.97776,bid,1756904129732
1756904130.1403534,111044.0,14.02928,ask,1756904129732
1756904130.252565,111043.0,1.04692,bid,1756904129832
1756904130.252565,111044.0,14.02928,ask,1756904129832
1756904130.442932,111043.0,1.04692,bid,1756904130022
1756904130.442932,111044.0,14.02779,ask,1756904130022
1756904130.4807827,111043.0,1.04692,bid,1756904130089
1756904130.4807827,111044.0,14.01898,ask,1756904130089
1756904130.8322918,111043.0,1.04692,bid,1756904130536
1756904130.8322918,111044.0,13.81898,ask,1756904130536
1756904130.9176843,111043.0,1.04692,bid,1756904130593
1756904130.9176843,111044.0,13.97368,ask,1756904130593
1756904131.5176544,111043.0,1.04692,bid,1756904131209
1756904131.5176544,111044.0,13.98249,ask,1756904131209
1756904132.4395545,111043.0,0.88413,bid,1756904132053
1756904132.4395545,111044.0,14.18158,ask,1756904132053
1756904132.514588,111043.0,0.88413,bid,1756904132159
1756904132.514588,111044.0,15.98231,ask,1756904132159
1756904132.593986,111043.0,0.88413,bid,1756904132287
1756904132.593986,111044.0,15.9735,ask,1756904132287
1756904132.663953,111043.0,0.88413,bid,1756904132374
1756904132.663953,111044.0,14.17277,ask,1756904132374
1756904133.2074473,111043.0,0.97416,bid,1756904132611
1756904133.2074473,111044.0,14.17277,ask,1756904132611
1756904133.4863594,111043.0,0.97416,bid,1756904133029
1756904133.4863594,111044.0,14.18158,ask,1756904133029
1756904133.7861578,111043.0,0.88413,bid,1756904133392
1756904133.7861578,111044.0,14.18158,ask,1756904133392
1756904134.0043674,111043.0,0.88413,bid,1756904133636
1756904134.0043674,111044.0,14.49668,ask,1756904133636
1756904134.4417706,111043.0,0.97416,bid,1756904134066
1756904134.4417706,111044.0,14.9413,ask,1756904134066
1756904134.5619323,111043.0,0.88413,bid,1756904134194
1756904134.5619323,111044.0,14.97391,ask,1756904134194
1756904134.868472,111043.0,0.88413,bid,1756904134595
1756904134.868472,111044.0,14.65881,ask,1756904134595
1756904135.2216861,111043.0,0.99216,bid,1756904134793
1756904135.2216861,111044.0,14.45881,ask,1756904134793
1756904135.6282856,111043.0,0.99216,bid,1756904134923
1756904135.6282856,111044.0,14.023,ask,1756904134923
1756904135.85526,111043.0,0.99216,bid,1756904135343
1756904135.85526,111044.0,11.32191,ask,1756904135343
1756904135.9997451,111043.0,0.99216,bid,1756904135659
1756904135.9997451,111044.0,8.8558,ask,1756904135659
1756904135.9997451,111043.0,1.0918,bid,1756904135728
1756904135.9997451,111044.0,7.81794,ask,1756904135728
1756904136.376853,111043.0,1.0918,bid,1756904136048
1756904136.376853,111044.0,8.12017,ask,1756904136048
1756904136.4047937,111043.0,0.97416,bid,1756904136064
1756904136.4047937,111044.0,9.51931,ask,1756904136064
1756904136.8715897,111043.0,0.97416,bid,1756904136534
1756904136.8715897,111044.0,10.47676,ask,1756904136534
1756904137.6763597,111043.0,0.97416,bid,1756904137338
1756904137.6763597,111044.0,10.46795,ask,1756904137338
1756904138.600509,111043.0,1.07937,bid,1756904138202
1756904138.600509,111044.0,10.46795,ask,1756904138202
1756904138.6138868,111043.0,1.07937,bid,1756904138314
1756904138.6138868,111044.0,10.47676,ask,1756904138314
1756904139.0013094,111043.0,1.07937,bid,1756904138681
1756904139.0013094,111044.0,8.2669,ask,1756904138681
1756904139.1677382,111043.0,0.97416,bid,1756904138883
1756904139.1677382,111044.0,7.82675,ask,1756904138883
1756904139.646015,111043.0,1.08147,bid,1756904139228
1756904139.646015,111044.0,10.08488,ask,1756904139228
1756904139.7481892,111043.0,1.08147,bid,1756904139443
1756904139.7481892,111044.0,7.82392,ask,1756904139443
1756904139.8862486,111043.0,0.5283,bid,1756904139534
1756904139.8862486,111044.0,14.46053,ask,1756904139534
1756904140.0729687,111043.0,0.09177,bid,1756904139605
1756904140.0729687,111044.0,17.83253,ask,1756904139605
1756904140.1774323,111043.0,0.09177,bid,1756904139796
1756904140.1774323,111044.0,22.12549,ask,1756904139796
1756904140.2631946,111043.0,0.09177,bid,1756904139851
1756904140.2631946,111044.0,22.30454,ask,1756904139851
1756904140.4044096,111043.0,0.03838,bid,1756904140032
1756904140.4044096,111044.0,27.14944,ask,1756904140032
1756904140.6738946,111043.0,0.03838,bid,1756904140225
1756904140.6738946,111044.0,29.29938,ask,1756904140225
1756904140.8285773,111043.0,0.03838,bid,1756904140460
1756904140.8285773,111044.0,31.28824,ask,1756904140460
1756904140.8957126,111043.0,0.03838,bid,1756904140640
1756904140.8957126,111044.0,31.72997,ask,1756904140640
1756904141.0378506,111043.0,0.03838,bid,1756904140741
1756904141.0378506,111044.0,29.47906,ask,1756904140741
1756904141.1713521,111043.0,0.03838,bid,1756904140776
1756904141.1713521,111044.0,30.10926,ask,1756904140776
1756904141.1875653,111043.0,0.03838,bid,1756904140822
1756904141.1875653,111044.0,31.91223,ask,1756904140822
1756904141.3646617,111041.0,0.07452,bid,1756904141064
1756904141.3646617,111044.0,34.67677,ask,1756904141064
1756904141.6920428,111039.0,0.00011,bid,1756904141305
1756904141.6920428,111042.0,37.38503,ask,1756904141305
1756904141.9157133,111039.0,0.00011,bid,1756904141392
1756904141.9157133,111040.0,8.32827,ask,1756904141392
1756904141.9683816,111039.0,0.00011,bid,1756904141476
1756904141.9683816,111040.0,14.11532,ask,1756904141476
1756904141.994497,111039.0,0.00011,bid,1756904141588
1756904141.994497,111040.0,17.96284,ask,1756904141588
1756904142.0406032,111039.0,0.00011,bid,1756904141710
1756904142.0406032,111040.0,23.94963,ask,1756904141710
1756904142.1767056,111038.0,0.00011,bid,1756904141855
1756904142.1767056,111040.0,45.51506,ask,1756904141855
1756904142.4494975,111029.0,0.00011,bid,1756904141991
1756904142.4494975,111039.0,30.50025,ask,1756904141991
1756904142.4948928,111023.0,0.96564,bid,1756904142071
1756904142.4948928,111024.0,0.22316,ask,1756904142071
1756904142.580256,111023.0,0.96564,bid,1756904142120
1756904142.580256,111024.0,0.58474,ask,1756904142120
1756904142.6319964,111023.0,0.96564,bid,1756904142246
1756904142.6319964,111024.0,1.89082,ask,1756904142246
1756904142.9288142,111023.0,1.10071,bid,1756904142458
1756904142.9288142,111024.0,10.5622,ask,1756904142458
1756904142.9696817,111023.0,1.10071,bid,1756904142557
1756904142.9696817,111024.0,11.94522,ask,1756904142557
1756904143.1464872,111023.0,1.77445,bid,1756904142662
1756904143.1464872,111024.0,13.81612,ask,1756904142662
1756904144.0522814,111023.0,0.87393,bid,1756904142988
1756904144.0522814,111024.0,13.83676,ask,1756904142988
1756904144.0522814,111023.0,1.77446,bid,1756904143163
1756904144.0522814,111024.0,14.04854,ask,1756904143163
1756904144.0522814,111023.0,1.77446,bid,1756904143229
1756904144.0522814,111024.0,13.42762,ask,1756904143229
1756904144.0522814,111023.0,1.86451,bid,1756904143355
1756904144.0522814,111024.0,13.09464,ask,1756904143355
1756904144.0522814,111023.0,1.86451,bid,1756904143403
1756904144.0522814,111024.0,12.93324,ask,1756904143403
1756904144.0522814,111023.0,1.77446,bid,1756904143481
1756904144.0522814,111024.0,12.5732,ask,1756904143481
1756904144.3178391,111023.0,1.63939,bid,1756904143980
1756904144.3178391,111024.0,12.5732,ask,1756904143980
1756904144.5426567,111023.0,1.63939,bid,1756904144163
1756904144.5426567,111024.0,12.58201,ask,1756904144163
1756904144.5494208,111023.0,1.72943,bid,1756904144192
1756904144.5494208,111024.0,12.58201,ask,1756904144192
1756904144.6719286,111023.0,0.67374,bid,1756904144396
1756904144.6719286,111024.0,17.92996,ask,1756904144396
1756904144.7534068,111023.0,0.67374,bid,1756904144445
1756904144.7534068,111024.0,22.63265,ask,1756904144445
1756904144.8484702,111023.0,0.67374,bid,1756904144521
1756904144.8484702,111024.0,23.80521,ask,1756904144521
1756904144.9381576,111023.0,0.67374,bid,1756904144604
1756904144.9381576,111024.0,26.65384,ask,1756904144604
1756904145.131656,111023.0,0.00011,bid,1756904144738
1756904145.131656,111024.0,29.91012,ask,1756904144738
1756904145.1676452,111023.0,0.00011,bid,1756904144853
1756904145.1676452,111024.0,31.50489,ask,1756904144853
1756904145.3849316,111023.0,0.00011,bid,1756904145001
1756904145.3849316,111024.0,28.80409,ask,1756904145001
1756904145.5520923,111023.0,0.00011,bid,1756904145186
1756904145.5520923,111024.0,29.24054,ask,1756904145186
1756904145.7337978,111023.0,0.00011,bid,1756904145290
1756904145.7337978,111024.0,29.82769,ask,1756904145290
1756904145.7754939,111021.0,0.00057,bid,1756904145435
1756904145.7754939,111024.0,29.82769,ask,1756904145435
1756904145.9232445,111020.0,0.03146,bid,1756904145539
1756904145.9232445,111022.0,47.68724,ask,1756904145539
1756904146.0720682,111020.0,0.03146,bid,1756904145694
1756904146.0720682,111021.0,4.46393,ask,1756904145694
1756904146.1396637,111020.0,0.03146,bid,1756904145765
1756904146.1396637,111021.0,4.64407,ask,1756904145765
1756904146.291864,111020.0,0.03146,bid,1756904145957
1756904146.291864,111021.0,13.90567,ask,1756904145957
1756904146.4137046,111020.0,0.03146,bid,1756904146037
1756904146.4137046,111021.0,43.41092,ask,1756904146037
1756904146.538791,111020.0,0.03157,bid,1756904146119
1756904146.538791,111021.0,45.5023,ask,1756904146119
1756904146.5601048,111020.0,0.03157,bid,1756904146191
1756904146.5601048,111021.0,45.65878,ask,1756904146191
1756904146.6780767,111020.0,0.03157,bid,1756904146323
1756904146.6780767,111021.0,43.54671,ask,1756904146323
1756904146.7104738,111020.0,0.03157,bid,1756904146404
1756904146.7104738,111021.0,43.17268,ask,1756904146404
1756904146.7957895,111020.0,0.03157,bid,1756904146507
1756904146.7957895,111021.0,42.04217,ask,1756904146507
1756904146.8655622,111020.0,0.03157,bid,1756904146567
1756904146.8655622,111021.0,41.93059,ask,1756904146567
1756904146.9151204,111020.0,0.03157,bid,1756904146649
1756904146.9151204,111021.0,41.61562,ask,1756904146649
1756904147.0912733,111020.0,0.03157,bid,1756904146726
1756904147.0912733,111021.0,30.95744,ask,1756904146726
1756904147.2004611,111020.0,0.03157,bid,1756904146779
1756904147.2004611,111021.0,29.60634,ask,1756904146779
1756904147.2956247,111020.0,0.03157,bid,1756904146984
1756904147.2956247,111021.0,29.60617,ask,1756904146984
1756904147.8285916,111020.0,0.03157,bid,1756904147530
1756904147.8285916,111021.0,31.37893,ask,1756904147530
1756904148.1159081,111020.0,0.03157,bid,1756904147737
1756904148.1159081,111021.0,31.30979,ask,1756904147737
1756904148.7345562,111020.0,0.03157,bid,1756904147858
1756904148.7345562,111021.0,31.74018,ask,1756904147858
1756904148.736109,111020.0,0.03157,bid,1756904148024
1756904148.736109,111021.0,32.43484,ask,1756904148024
1756904148.736109,111020.0,0.03157,bid,1756904148313
1756904148.736109,111021.0,32.85715,ask,1756904148313
1756904148.9536417,111020.0,0.03177,bid,1756904148381
1756904148.9536417,111021.0,34.78271,ask,1756904148381
1756904148.9542003,111020.0,0.03177,bid,1756904148461
1756904148.9542003,111021.0,36.74609,ask,1756904148461
1756904148.9542003,111020.0,0.03177,bid,1756904148530
1756904148.9542003,111021.0,37.15118,ask,1756904148530
1756904149.0112612,111020.0,0.03177,bid,1756904148596
1756904149.0112612,111021.0,37.28626,ask,1756904148596
1756904149.1233737,111020.0,0.03177,bid,1756904148758
1756904149.1233737,111021.0,38.98429,ask,1756904148758
1756904149.2875538,111020.0,0.03177,bid,1756904148929
1756904149.2875538,111021.0,36.80266,ask,1756904148929
1756904149.4361122,111018.0,0.00837,bid,1756904149097
1756904149.4361122,111019.0,15.92284,ask,1756904149097
1756904149.5972264,111018.0,0.00837,bid,1756904149148
1756904149.5972264,111019.0,30.65497,ask,1756904149148
1756904149.6253173,111018.0,0.00793,bid,1756904149305
1756904149.6253173,111019.0,42.25365,ask,1756904149305
1756904149.6676142,111018.0,0.00749,bid,1756904149391
1756904149.6676142,111019.0,63.60824,ask,1756904149391
1756904149.92982,111008.0,0.00394,bid,1756904149443
1756904149.92982,111019.0,64.73611,ask,1756904149443
1756904149.9604385,111008.0,0.00394,bid,1756904149509
1756904149.9604385,111009.0,4.95339,ask,1756904149509
1756904150.064798,111008.0,0.00394,bid,1756904149670
1756904150.064798,111009.0,8.61128,ask,1756904149670
1756904150.1048102,111008.0,0.00394,bid,1756904149728
1756904150.1048102,111009.0,10.27223,ask,1756904149728
1756904150.2310185,111008.0,0.00394,bid,1756904149850
1756904150.2310185,111009.0,24.82696,ask,1756904149850
1756904150.2661848,111008.0,0.00383,bid,1756904149936
1756904150.2661848,111009.0,37.45214,ask,1756904149936
1756904150.524234,111005.0,0.18693,bid,1756904150030
1756904150.524234,111009.0,37.88023,ask,1756904150030
1756904150.675648,111005.0,0.18693,bid,1756904150205
1756904150.675648,111006.0,22.71323,ask,1756904150205
1756904150.7996035,111005.0,0.18693,bid,1756904150347
1756904150.7996035,111006.0,32.48724,ask,1756904150347
1756904150.8001368,111005.0,0.18693,bid,1756904150406
1756904150.8001368,111006.0,37.10748,ask,1756904150406
1756904150.8001368,111005.0,0.18693,bid,1756904150479
1756904150.8001368,111006.0,40.54938,ask,1756904150479
1756904150.893839,111005.0,0.18693,bid,1756904150531
1756904150.893839,111006.0,59.99266,ask,1756904150531
1756904151.0775964,111005.0,0.18704,bid,1756904150688
1756904151.0775964,111006.0,55.29838,ask,1756904150688
1756904151.1123798,111005.0,0.18704,bid,1756904150772
1756904151.1123798,111006.0,49.12295,ask,1756904150772
1756904151.158911,111005.0,0.18704,bid,1756904150861
1756904151.158911,111006.0,47.51604,ask,1756904150861
1756904151.4221709,111005.0,0.18704,bid,1756904151005
1756904151.4221709,111006.0,42.47585,ask,1756904151005
1756904151.6667514,111005.0,0.18704,bid,1756904151090
1756904151.6667514,111006.0,39.52334,ask,1756904151090
1756904151.668299,111005.0,0.18704,bid,1756904151203
1756904151.668299,111006.0,36.97541,ask,1756904151203
1756904152.022083,111005.0,0.18704,bid,1756904151677
1756904152.022083,111006.0,32.823,ask,1756904151677
1756904152.1169233,111005.0,0.18704,bid,1756904151786
1756904152.1169233,111006.0,32.21942,ask,1756904151786
1756904152.1601012,111005.0,0.11792,bid,1756904151838
1756904152.1601012,111006.0,32.21942,ask,1756904151838
1756904152.2307749,111005.0,0.11792,bid,1756904151949
1756904152.2307749,111006.0,32.61553,ask,1756904151949
1756904152.3245628,111005.0,0.11792,bid,1756904152034
1756904152.3245628,111006.0,32.61543,ask,1756904152034
1756904152.3765607,111005.0,0.11792,bid,1756904152097
1756904152.3765607,111006.0,32.54629,ask,1756904152097
1756904152.8909833,111005.0,0.11792,bid,1756904152565
1756904152.8909833,111006.0,32.61543,ask,1756904152565
1756904153.6236887,111005.0,0.11472,bid,1756904153129
1756904153.6236887,111006.0,32.61543,ask,1756904153129
1756904153.6236887,111005.0,0.11472,bid,1756904153181
1756904153.6236887,111006.0,32.54629,ask,1756904153181
1756904154.1461372,111005.0,0.11472,bid,1756904153341
1756904154.1461372,111006.0,32.36616,ask,1756904153341
1756904154.1508229,111005.0,0.11472,bid,1756904153470
1756904154.1508229,111006.0,30.05421,ask,1756904153470
1756904154.1513367,111005.0,0.11472,bid,1756904153538
1756904154.1513367,111006.0,31.84655,ask,1756904153538
1756904154.1513367,111005.0,0.11472,bid,1756904153617
1756904154.1513367,111006.0,31.91569,ask,1756904153617
1756904154.1513367,111000.0,0.18551,bid,1756904153698
1756904154.1513367,111006.0,31.91569,ask,1756904153698
1756904154.1528902,111000.0,0.18551,bid,1756904153768
1756904154.1528902,111001.0,3.81664,ask,1756904153768
1756904154.3904996,111000.0,0.18551,bid,1756904153831
1756904154.3904996,111001.0,8.90016,ask,1756904153831
1756904154.3946629,111000.0,0.18551,bid,1756904153897
1756904154.3946629,111001.0,12.76243,ask,1756904153897
1756904154.3946629,111000.0,0.32061,bid,1756904153988
1756904154.3946629,111001.0,21.30439,ask,1756904153988
1756904154.5569272,111000.0,1.2213,bid,1756904154095
1756904154.5569272,111001.0,28.55235,ask,1756904154095
1756904154.6062374,111000.0,0.32061,bid,1756904154180
1756904154.6062374,111001.0,24.49841,ask,1756904154180
1756904154.6062374,111000.0,0.32061,bid,1756904154281
1756904154.6062374,111001.0,23.26052,ask,1756904154281
1756904154.6889327,111000.0,0.32061,bid,1756904154400
1756904154.6889327,111001.0,22.57735,ask,1756904154400
1756904154.9365966,111000.0,0.32061,bid,1756904154441
1756904154.9365966,111001.0,22.14012,ask,1756904154441
1756904154.989989,111000.0,1.31137,bid,1756904154584
1756904154.989989,111001.0,21.99139,ask,1756904154584
1756904154.989989,111000.0,0.41068,bid,1756904154667
1756904154.989989,111001.0,23.14081,ask,1756904154667
1756904155.029189,111000.0,1.31136,bid,1756904154734
1756904155.029189,111001.0,19.02989,ask,1756904154734
1756904155.1538656,111000.0,1.31136,bid,1756904154842
1756904155.1538656,111001.0,19.22622,ask,1756904154842
1756904155.262791,111000.0,1.22129,bid,1756904154901
1756904155.262791,111001.0,17.35366,ask,1756904154901
1756904155.4109259,111000.0,1.25135,bid,1756904155004
1756904155.4109259,111001.0,17.17322,ask,1756904155004
1756904155.4649668,111000.0,1.34142,bid,1756904155073
1756904155.4649668,111001.0,17.02906,ask,1756904155073
1756904155.4888134,111000.0,2.01612,bid,1756904155158
1756904155.4888134,111001.0,17.00943,ask,1756904155158
1756904155.548911,111000.0,0.70082,bid,1756904155242
1756904155.548911,111001.0,17.00943,ask,1756904155242
1756904155.7205446,111000.0,0.3759,bid,1756904155411
1756904155.7205446,111001.0,16.19858,ask,1756904155411
1756904155.8930006,111000.0,0.21074,bid,1756904155451
1756904155.8930006,111001.0,16.89623,ask,1756904155451
1756904155.921714,111000.0,0.58263,bid,1756904155530
1756904155.921714,111001.0,17.17074,ask,1756904155530
1756904155.9319947,111000.0,1.10667,bid,1756904155659
1756904155.9319947,111001.0,17.47569,ask,1756904155659
1756904156.0563676,111000.0,0.18551,bid,1756904155796
1756904156.0563676,111001.0,17.47569,ask,1756904155796
1756904156.1953669,111000.0,0.18551,bid,1756904155858
1756904156.1953669,111001.0,22.1045,ask,1756904155858
1756904156.3080103,111000.0,0.32061,bid,1756904155920
1756904156.3080103,111001.0,22.1045,ask,1756904155920
1756904156.3494844,111000.0,0.18551,bid,1756904155991
1756904156.3494844,111001.0,22.1045,ask,1756904155991
1756904156.417578,111000.0,0.49622,bid,1756904156057
1756904156.417578,111001.0,22.25441,ask,1756904156057
1756904156.6768417,111000.0,1.2213,bid,1756904156345
1756904156.6768417,111001.0,22.26322,ask,1756904156345
1756904156.9571507,111000.0,1.2213,bid,1756904156491
1756904156.9571507,111001.0,19.56111,ask,1756904156491
1756904156.9571507,111000.0,1.2211,bid,1756904156547
1756904156.9571507,111001.0,19.56111,ask,1756904156547
1756904157.028755,111000.0,0.41048,bid,1756904156707
1756904157.028755,111001.0,19.56111,ask,1756904156707
1756904157.0943408,111000.0,0.27538,bid,1756904156828
1756904157.0943408,111001.0,19.56111,ask,1756904156828
1756904157.1504767,111000.0,0.27538,bid,1756904156896
1756904157.1504767,111001.0,19.5523,ask,1756904156896
1756904157.438413,111000.0,0.27538,bid,1756904157095
1756904157.438413,111001.0,19.5558,ask,1756904157095
1756904157.482999,111000.0,0.32041,bid,1756904157168
1756904157.482999,111001.0,19.5558,ask,1756904157168
1756904157.6347697,111000.0,1.42083,bid,1756904157361
1756904157.6347697,111001.0,19.49937,ask,1756904157361
1756904157.9463096,111000.0,0.52014,bid,1756904157563
1756904157.9463096,111001.0,19.50818,ask,1756904157563
1756904158.0293038,111000.0,1.22083,bid,1756904157619
1756904158.0293038,111001.0,19.50818,ask,1756904157619
1756904158.0874527,111000.0,1.3109,bid,1756904157734
1756904158.0874527,111001.0,19.55322,ask,1756904157734
1756904158.6792727,111000.0,1.3758,bid,1756904157974
1756904158.6792727,111001.0,19.55322,ask,1756904157974
1756904158.6792727,111000.0,1.1758,bid,1756904158112
1756904158.6792727,111001.0,19.55322,ask,1756904158112
1756904159.0153835,111000.0,1.17581,bid,1756904158608
1756904159.0153835,111001.0,19.55322,ask,1756904158608
1756904159.1112988,111000.0,1.08574,bid,1756904158812
1756904159.1112988,111001.0,19.62745,ask,1756904158812
1756904159.3093574,111000.0,1.17581,bid,1756904158924
1756904159.3093574,111001.0,19.62745,ask,1756904158924
1756904159.4199736,111000.0,3.39944,bid,1756904159010
1756904159.4199736,111001.0,19.6059,ask,1756904159010
1756904159.5249798,111000.0,3.39944,bid,1756904159137
1756904159.5249798,111001.0,17.52929,ask,1756904159137
1756904159.5477357,111000.0,0.18504,bid,1756904159215
1756904159.5477357,111001.0,17.66439,ask,1756904159215
1756904159.8167214,111000.0,0.18504,bid,1756904159429
1756904159.8167214,111001.0,20.36652,ask,1756904159429
1756904159.9532144,111000.0,0.18504,bid,1756904159622
1756904159.9532144,111001.0,20.23142,ask,1756904159622
1756904160.1041067,111000.0,1.08573,bid,1756904159751
1756904160.1041067,111001.0,17.52929,ask,1756904159751
1756904160.2439063,111000.0,0.29328,bid,1756904159852
1756904160.2439063,111001.0,18.06982,ask,1756904159852
1756904160.5436873,111000.0,0.29328,bid,1756904160047
1756904160.5436873,111001.0,19.37528,ask,1756904160047
1756904160.593915,111000.0,1.19398,bid,1756904160244
1756904160.593915,111001.0,19.39148,ask,1756904160244
1756904161.0468032,111000.0,1.28405,bid,1756904160613
1756904161.0468032,111001.0,19.39148,ask,1756904160613
1756904161.3842432,111000.0,1.28405,bid,1756904161017
1756904161.3842432,111001.0,19.38788,ask,1756904161017
1756904161.4184813,111000.0,0.38335,bid,1756904161080
1756904161.4184813,111001.0,19.38788,ask,1756904161080
1756904161.546678,111000.0,1.19398,bid,1756904161255
1756904161.546678,111001.0,19.38788,ask,1756904161255
1756904161.6146011,111000.0,1.19398,bid,1756904161330
1756904161.6146011,111001.0,19.37907,ask,1756904161330
1756904161.8467996,111000.0,1.19398,bid,1756904161514
1756904161.8467996,111001.0,19.24397,ask,1756904161514
1756904162.104207,111000.0,1.28405,bid,1756904161656
1756904162.104207,111001.0,19.24397,ask,1756904161656
1756904162.104207,111000.0,1.28405,bid,1756904161724
1756904162.104207,111001.0,19.37907,ask,1756904161724
1756904162.153144,111000.0,1.19398,bid,1756904161818
1756904162.153144,111001.0,19.37907,ask,1756904161818
1756904162.2415004,111000.0,0.29328,bid,1756904161958
1756904162.2415004,111001.0,23.07148,ask,1756904161958
1756904162.5652874,111000.0,0.18504,bid,1756904162025
1756904162.5652874,111001.0,23.27057,ask,1756904162025
1756904162.6320112,111000.0,0.18504,bid,1756904162151
1756904162.6320112,111001.0,25.07197,ask,1756904162151
1756904162.8322701,111000.0,0.18504,bid,1756904162220
1756904162.8322701,111001.0,23.27938,ask,1756904162220
1756904162.8527858,111000.0,0.18504,bid,1756904162429
1756904162.8527858,111001.0,23.07938,ask,1756904162429
1756904162.9069033,111000.0,0.18466,bid,1756904162498
1756904162.9069033,111001.0,23.07938,ask,1756904162498
1756904164.1729717,111000.0,0.18466,bid,1756904163024
1756904164.1729717,111001.0,23.07057,ask,1756904163024
1756904164.176569,111000.0,0.18466,bid,1756904163742
1756904164.176569,111001.0,23.28625,ask,1756904163742
1756904164.5800645,111000.0,0.18466,bid,1756904163829
1756904164.5800645,111001.0,23.90234,ask,1756904163829
1756904164.5800645,111000.0,0.18466,bid,1756904163964
1756904164.5800645,111001.0,24.10234,ask,1756904163964
1756904164.7705956,111000.0,0.18466,bid,1756904164269
1756904164.7705956,111001.0,21.40025,ask,1756904164269
1756904164.8251858,111000.0,0.18466,bid,1756904164389
1756904164.8251858,111001.0,23.90234,ask,1756904164389
1756904165.4152672,111000.0,0.18466,bid,1756904165104
1756904165.4152672,111001.0,23.91115,ask,1756904165104
1756904165.52198,110987.0,0.31808,bid,1756904165164
1756904165.52198,111001.0,24.05252,ask,1756904165164
1756904165.665587,110987.0,0.31808,bid,1756904165283
1756904165.665587,110988.0,0.80608,ask,1756904165283
1756904165.9228692,110986.0,1.24864,bid,1756904165494
1756904165.9228692,110988.0,2.15391,ask,1756904165494
1756904165.97337,110987.0,4.7291,bid,1756904165597
1756904165.97337,110988.0,2.15391,ask,1756904165597
1756904166.1631365,110987.0,2.94875,bid,1756904165720
1756904166.1631365,110988.0,3.19311,ask,1756904165720
1756904166.3035195,110987.0,6.14473,bid,1756904165855
1756904166.3035195,110988.0,1.05618,ask,1756904165855
1756904166.430218,110987.0,8.68507,bid,1756904166079
1756904166.430218,110988.0,0.2501,ask,1756904166079
1756904166.4317331,110987.0,8.68507,bid,1756904166132
1756904166.4317331,110994.0,0.00022,ask,1756904166132
1756904166.4718637,110993.0,11.64415,bid,1756904166209
1756904166.4718637,110994.0,0.00022,ask,1756904166209
1756904166.5476258,110993.0,14.09896,bid,1756904166266
1756904166.5476258,110994.0,0.00022,ask,1756904166266
1756904166.7847114,110993.0,11.95411,bid,1756904166467
1756904166.7847114,110994.0,0.00015,ask,1756904166467
1756904166.892173,110993.0,11.01312,bid,1756904166527
1756904166.892173,110994.0,0.00026,ask,1756904166527
1756904166.9060736,110993.0,10.08691,bid,1756904166642
1756904166.9060736,110994.0,0.00026,ask,1756904166642
1756904167.0261583,110993.0,10.1456,bid,1756904166743
1756904167.0261583,110994.0,0.00026,ask,1756904166743
1756904167.179297,110993.0,9.43986,bid,1756904166814
1756904167.179297,110994.0,0.00026,ask,1756904166814
1756904167.3018913,110993.0,9.20681,bid,1756904166870
1756904167.3018913,110994.0,0.00026,ask,1756904166870
1756904167.3604107,110993.0,9.06493,bid,1756904166937
1756904167.3604107,110994.0,0.06756,ask,1756904166937
1756904167.3803236,110993.0,8.88473,bid,1756904167064
1756904167.3803236,110994.0,0.06756,ask,1756904167064
1756904167.6208842,110993.0,7.98986,bid,1756904167349
1756904167.6208842,110994.0,0.21093,ask,1756904167349
1756904167.7370126,110993.0,7.65023,bid,1756904167414
1756904167.7370126,110994.0,2.91321,ask,1756904167414
1756904167.874943,110993.0,7.65023,bid,1756904167544
1756904167.874943,110994.0,2.76828,ask,1756904167544
1756904167.9464304,110993.0,7.65023,bid,1756904167674
1756904167.9464304,110994.0,1.4167,ask,1756904167674
1756904167.9717298,110993.0,8.49422,bid,1756904167733
1756904167.9717298,110994.0,1.3667,ask,1756904167733
1756904169.3158388,110993.0,8.53924,bid,1756904168074
1756904169.3158388,110994.0,1.36517,ask,1756904168074
1756904169.3158388,110993.0,8.47619,bid,1756904168419
1756904169.3158388,110994.0,4.86103,ask,1756904168419
1756904169.3158388,110993.0,6.88315,bid,1756904168562
1756904169.3158388,110994.0,5.37103,ask,1756904168562
1756904169.3158388,110993.0,6.0806,bid,1756904168733
1756904169.3158388,110994.0,5.0611,ask,1756904168733
1756904169.5692017,110993.0,6.08071,bid,1756904168797
1756904169.5692017,110994.0,5.0611,ask,1756904168797
1756904169.5692017,110993.0,6.21582,bid,1756904168861
1756904169.5692017,110994.0,4.8611,ask,1756904168861
1756904169.5692017,110993.0,6.21582,bid,1756904168919
1756904169.5692017,110994.0,4.71784,ask,1756904168919
1756904169.5697045,110993.0,4.72157,bid,1756904169062
1756904169.5697045,110994.0,5.61862,ask,1756904169062
1756904169.7161205,110993.0,4.73888,bid,1756904169303
1756904169.7161205,110994.0,5.61862,ask,1756904169303
1756904169.7161205,110993.0,4.73888,bid,1756904169366
1756904169.7161205,110994.0,5.79263,ask,1756904169366
1756904169.7881205,110993.0,4.60377,bid,1756904169478
1756904169.7881205,110994.0,5.79263,ask,1756904169478
1756904169.9754686,110993.0,4.35921,bid,1756904169627
1756904169.9754686,110994.0,5.79263,ask,1756904169627
1756904170.2176433,110993.0,4.78993,bid,1756904169891
1756904170.2176433,110994.0,5.79263,ask,1756904169891
1756904170.2409887,110993.0,5.35035,bid,1756904169961
1756904170.2409887,110994.0,5.61862,ask,1756904169961
1756904170.3952723,110993.0,4.94969,bid,1756904170088
1756904170.3952723,110994.0,1.50524,ask,1756904170088
1756904170.5708563,110993.0,4.54239,bid,1756904170161
1756904170.5708563,110994.0,0.01356,ask,1756904170161
1756904170.5713792,110993.0,4.54239,bid,1756904170292
1756904170.5713792,110994.0,1.36469,ask,1756904170292
1756904170.6484926,110993.0,4.54239,bid,1756904170368
1756904170.6484926,110994.0,2.26544,ask,1756904170368
1756904170.7718124,110993.0,4.54239,bid,1756904170490
1756904170.7718124,110994.0,1.36469,ask,1756904170490
1756904171.0467575,110993.0,4.54239,bid,1756904170691
1756904171.0467575,110994.0,1.3647,ask,1756904170691
1756904171.0587733,110993.0,4.54239,bid,1756904170772
1756904171.0587733,110994.0,2.26546,ask,1756904170772
1756904171.103812,110993.0,4.54239,bid,1756904170832
1756904171.103812,110994.0,1.52564,ask,1756904170832
1756904171.2448,110993.0,4.54239,bid,1756904170969
1756904171.2448,110994.0,2.26546,ask,1756904170969
1756904171.373947,110993.0,4.54215,bid,1756904171033
1756904171.373947,110994.0,2.26546,ask,1756904171033
1756904171.392569,110993.0,4.54215,bid,1756904171094
1756904171.392569,110994.0,4.96774,ask,1756904171094
1756904171.6557386,110993.0,4.54215,bid,1756904171370
1756904171.6557386,110994.0,2.43006,ask,1756904171370
1756904171.7739427,110993.0,5.00911,bid,1756904171495
1756904171.7739427,110994.0,1.5293,ask,1756904171495
1756904171.8484511,110993.0,5.41559,bid,1756904171568
1756904171.8484511,110994.0,1.37151,ask,1756904171568
1756904172.001218,110993.0,5.41559,bid,1756904171701
1756904172.001218,110994.0,2.27226,ask,1756904171701
1756904172.246156,110993.0,5.93083,bid,1756904171903
1756904172.246156,110994.0,0.02037,ask,1756904171903
1756904172.2728884,110993.0,6.02129,bid,1756904171973
1756904172.2728884,110994.0,0.02037,ask,1756904171973
1756904172.3390234,110993.0,6.0165,bid,1756904172039
1756904172.3390234,110994.0,0.02037,ask,1756904172039
1756904172.4568076,110993.0,6.0165,bid,1756904172175
1756904172.4568076,110994.0,0.01156,ask,1756904172175
1756904172.6673799,110993.0,5.61002,bid,1756904172306
1756904172.6673799,110994.0,0.01156,ask,1756904172306
1756904172.707291,110993.0,5.63525,bid,1756904172373
1756904172.707291,110994.0,0.01156,ask,1756904172373
1756904172.893259,110993.0,4.87783,bid,1756904172579
1756904172.893259,110994.0,2.4058,ask,1756904172579
1756904173.14943,110993.0,4.8526,bid,1756904172790
1756904173.14943,110994.0,0.1539,ask,1756904172790
1756904173.5876002,110993.0,5.3194,bid,1756904172967
1756904173.5876002,110994.0,2.26348,ask,1756904172967
1756904173.6014006,110993.0,5.3194,bid,1756904173109
1756904173.6014006,110994.0,1.37153,ask,1756904173109
1756904173.9911213,110993.0,5.30823,bid,1756904173247
1756904173.9911213,110994.0,1.37153,ask,1756904173247
1756904173.9911213,110993.0,6.19641,bid,1756904173416
1756904173.9911213,110994.0,0.02037,ask,1756904173416
1756904173.992676,110993.0,7.95336,bid,1756904173474
1756904173.992676,110994.0,0.02037,ask,1756904173474
1756904173.992676,110993.0,15.27829,bid,1756904173537
1756904173.992676,110994.0,0.02037,ask,1756904173537
1756904174.1291487,110993.0,18.64973,bid,1756904173715
1756904174.1291487,110994.0,0.00881,ask,1756904173715
1756904174.176198,110993.0,5.52171,bid,1756904173849
1756904174.176198,110994.0,0.79623,ask,1756904173849
1756904174.4463613,110993.0,5.71005,bid,1756904174036
1756904174.4463613,110994.0,1.67183,ask,1756904174036
1756904174.511414,110993.0,5.05405,bid,1756904174178
1756904174.511414,110994.0,1.67183,ask,1756904174178
1756904174.6471355,110993.0,4.75961,bid,1756904174253
1756904174.6471355,110994.0,11.50431,ask,1756904174253
1756904174.731745,110993.0,4.38479,bid,1756904174403
1756904174.731745,110994.0,11.75879,ask,1756904174403
1756904174.8491404,110993.0,4.38479,bid,1756904174463
1756904174.8491404,110994.0,11.62368,ask,1756904174463
1756904175.0583193,110993.0,4.3792,bid,1756904174681
1756904175.0583193,110994.0,11.75879,ask,1756904174681
1756904175.1131003,110993.0,4.79013,bid,1756904174822
1756904175.1131003,110994.0,10.8395,ask,1756904174822
1756904175.1965265,110993.0,4.90449,bid,1756904174883
1756904175.1965265,110994.0,6.47648,ask,1756904174883
1756904175.3928194,110993.0,4.81442,bid,1756904175031
1756904175.3928194,110994.0,6.47648,ask,1756904175031
1756904175.6118743,110993.0,4.90449,bid,1756904175284
1756904175.6118743,110994.0,7.32182,ask,1756904175284
1756904175.6936605,110993.0,4.26833,bid,1756904175431
1756904175.6936605,110994.0,7.32182,ask,1756904175431
1756904175.7577317,110993.0,4.26833,bid,1756904175486
1756904175.7577317,110994.0,7.48507,ask,1756904175486
1756904175.849563,110993.0,4.26833,bid,1756904175548
1756904175.849563,110994.0,7.50309,ask,1756904175548
1756904175.991373,110993.0,4.26833,bid,1756904175663
1756904175.991373,110994.0,7.17009,ask,1756904175663
1756904176.0712645,110993.0,4.67001,bid,1756904175829
1756904176.0712645,110994.0,6.14733,ask,1756904175829
1756904176.1117108,110993.0,4.67001,bid,1756904175885
1756904176.1117108,110994.0,6.01222,ask,1756904175885
1756904176.2347956,110993.0,4.67001,bid,1756904175942
1756904176.2347956,110994.0,6.05473,ask,1756904175942
1756904176.355304,110993.0,4.25952,bid,1756904176031
1756904176.355304,110994.0,6.1895,ask,1756904176031
1756904176.4481518,110993.0,4.25952,bid,1756904176088
1756904176.4481518,110994.0,6.53774,ask,1756904176088
1756904176.569356,110993.0,4.25952,bid,1756904176173
1756904176.569356,110994.0,7.93808,ask,1756904176173
1756904176.635898,110993.0,4.25952,bid,1756904176303
1756904176.635898,110994.0,7.89416,ask,1756904176303
1756904176.80623,110993.0,4.66027,bid,1756904176492
1756904176.80623,110994.0,6.01062,ask,1756904176492
1756904176.9302323,110993.0,4.25926,bid,1756904176650
1756904176.9302323,110994.0,6.01062,ask,1756904176650
1756904177.233441,110993.0,3.51759,bid,1756904176858
1756904177.233441,110994.0,6.75107,ask,1756904176858
1756904177.32603,110993.0,3.40297,bid,1756904176915
1756904177.32603,110994.0,6.75988,ask,1756904176915
1756904177.4713328,110993.0,3.64403,bid,1756904177056
1756904177.4713328,110994.0,6.00826,ask,1756904177056
1756904177.5469196,110993.0,4.54477,bid,1756904177113
1756904177.5469196,110994.0,10.4239,ask,1756904177113
1756904177.7434783,110993.0,3.1795,bid,1756904177258
1756904177.7434783,110994.0,4.50571,ask,1756904177258
1756904177.9584477,110993.0,2.35291,bid,1756904177456
1756904177.9584477,110994.0,4.48769,ask,1756904177456
1756904177.9587543,110993.0,2.35291,bid,1756904177531
1756904177.9587543,110994.0,0.90053,ask,1756904177531
1756904177.9907072,110993.0,1.87029,bid,1756904177656
1756904177.9907072,110994.0,2.25167,ask,1756904177656
1756904178.107524,110993.0,1.87029,bid,1756904177788
1756904178.107524,110994.0,2.24286,ask,1756904177788
1756904178.3178785,110993.0,1.87029,bid,1756904177932
1756904178.3178785,110994.0,2.3873,ask,1756904177932
1756904178.7849283,110993.0,1.83508,bid,1756904178070
1756904178.7849283,110994.0,2.26088,ask,1756904178070
1756904179.5347846,110993.0,2.01826,bid,1756904178272
1756904179.5347846,110994.0,1.93418,ask,1756904178272
1756904179.5347846,110993.0,1.88315,bid,1756904178278
1756904179.5347846,110994.0,0.58304,ask,1756904178278
1756904179.5347846,110993.0,2.00025,bid,1756904178347
1756904179.5347846,110994.0,0.47304,ask,1756904178347
1756904179.5358222,110993.0,6.59413,bid,1756904178611
1756904179.5358222,110994.0,0.47304,ask,1756904178611
1756904179.5358222,110993.0,10.06904,bid,1756904178682
1756904179.5358222,110994.0,0.26231,ask,1756904178682
1756904179.5358222,110993.0,10.10258,bid,1756904178741
1756904179.5358222,110994.0,0.15231,ask,1756904178741
1756904179.5363438,110993.0,5.16954,bid,1756904178825
1756904179.5363438,110994.0,1.50345,ask,1756904178825
1756904179.5363438,110993.0,5.16954,bid,1756904178943
1756904179.5363438,110994.0,2.40422,ask,1756904178943
1756904179.537382,110993.0,5.16954,bid,1756904178998
1756904179.537382,110994.0,2.25191,ask,1756904178998
1756904179.8052256,110993.0,5.16954,bid,1756904179123
1756904179.8052256,110994.0,4.96301,ask,1756904179123
1756904179.8052256,110993.0,5.16954,bid,1756904179279
1756904179.8052256,110994.0,2.26072,ask,1756904179279
1756904179.8052256,110993.0,5.16954,bid,1756904179394
1756904179.8052256,110994.0,4.96307,ask,1756904179394
1756904179.9496615,110993.0,2.8794,bid,1756904179549
1756904179.9496615,110994.0,5.02024,ask,1756904179549
1756904180.108527,110993.0,2.8794,bid,1756904179792
1756904180.108527,110994.0,2.17664,ask,1756904179792
1756904180.1470392,110993.0,2.85417,bid,1756904179847
1756904180.1470392,110994.0,2.17664,ask,1756904179847
1756904180.4536471,110993.0,4.66246,bid,1756904180092
1756904180.4536471,110994.0,2.16783,ask,1756904180092
1756904180.5883276,110993.0,4.64445,bid,1756904180158
1756904180.5883276,110994.0,2.16783,ask,1756904180158
1756904180.652715,110993.0,4.77942,bid,1756904180289
1756904180.652715,110994.0,4.87014,ask,1756904180289
1756904180.652715,110993.0,4.64431,bid,1756904180360
1756904180.652715,110994.0,4.87014,ask,1756904180360
1756904180.7066329,110993.0,4.12503,bid,1756904180421
1756904180.7066329,110994.0,4.86902,ask,1756904180421
1756904180.7539158,110993.0,2.85558,bid,1756904180489
1756904180.7539158,110994.0,5.01129,ask,1756904180489
1756904181.0842962,110993.0,2.85558,bid,1756904180688
1756904181.0842962,110994.0,4.86902,ask,1756904180688
1756904181.0842962,110993.0,2.85558,bid,1756904180761
1756904181.0842962,110994.0,4.87783,ask,1756904180761
1756904181.115573,110993.0,3.50305,bid,1756904180818
1756904181.115573,110994.0,4.87783,ask,1756904180818
1756904181.148316,110993.0,4.84331,bid,1756904180891
1756904181.148316,110994.0,3.97706,ask,1756904180891
1756904181.3503435,110993.0,5.04331,bid,1756904181018
1756904181.3503435,110994.0,1.27475,ask,1756904181018
1756904181.4701557,110993.0,5.11251,bid,1756904181083
1756904181.4701557,110994.0,2.17551,ask,1756904181083
1756904181.4858496,110993.0,4.91251,bid,1756904181165
1756904181.4858496,110994.0,4.87782,ask,1756904181165
1756904181.6170485,110993.0,4.40015,bid,1756904181254
1756904181.6170485,110994.0,2.17552,ask,1756904181254
1756904181.6360483,110993.0,3.05989,bid,1756904181317
1756904181.6360483,110994.0,1.41877,ask,1756904181317
1756904181.700015,110993.0,3.05989,bid,1756904181452
1756904181.700015,110994.0,0.06598,ask,1756904181452
1756904181.7868013,110993.0,3.04872,bid,1756904181514
1756904181.7868013,110994.0,1.41713,ask,1756904181514
1756904181.8353047,110993.0,3.04872,bid,1756904181565
1756904181.8353047,110994.0,2.30908,ask,1756904181565
1756904181.9125106,110993.0,3.6924,bid,1756904181655
1756904181.9125106,110995.0,1.44027,ask,1756904181655
1756904182.0193775,110994.0,9.58694,bid,1756904181705
1756904182.0193775,110995.0,0.08913,ask,1756904181705
1756904182.1723814,110994.0,14.10497,bid,1756904181756
1756904182.1723814,110995.0,0.08913,ask,1756904181756
1756904182.4148042,110994.0,28.11183,bid,1756904181917
1756904182.4148042,111001.0,0.87856,ask,1756904181917
1756904182.4635525,111000.0,3.62771,bid,1756904182026
1756904182.4635525,111003.0,5.86032,ask,1756904182026
1756904182.632931,111002.0,5.67306,bid,1756904182079
1756904182.632931,111003.0,5.86032,ask,1756904182079
1756904182.632931,111002.0,7.70303,bid,1756904182193
1756904182.632931,111003.0,5.86032,ask,1756904182193
1756904182.7322283,111002.0,8.51893,bid,1756904182322
1756904182.7322283,111003.0,5.86032,ask,1756904182322
1756904182.885565,111002.0,11.78305,bid,1756904182376
1756904182.885565,111003.0,5.86032,ask,1756904182376
1756904183.1804752,111002.0,38.53516,bid,1756904182527
1756904183.1804752,111003.0,5.86043,ask,1756904182527
1756904183.3661196,111002.0,38.28416,bid,1756904182629
1756904183.3661196,111003.0,5.86043,ask,1756904182629
1756904183.3661196,111002.0,37.78416,bid,1756904182829
1756904183.3661196,111003.0,5.86043,ask,1756904182829
1756904183.3661196,111002.0,35.11169,bid,1756904182987
1756904183.3661196,111003.0,5.86043,ask,1756904182987
1756904183.4042933,111002.0,34.1446,bid,1756904183046
1756904183.4042933,111003.0,4.96907,ask,1756904183046
1756904183.7067037,111002.0,33.61738,bid,1756904183182
1756904183.7067037,111003.0,4.96907,ask,1756904183182
1756904184.2323537,111002.0,32.8106,bid,1756904183311
1756904184.2323537,111003.0,4.96907,ask,1756904183311
1756904184.2323537,111002.0,32.35283,bid,1756904183655
1756904184.2323537,111003.0,4.96907,ask,1756904183655
1756904184.2323537,111002.0,33.64326,bid,1756904183793
1756904184.2323537,111003.0,4.96907,ask,1756904183793
1756904184.2323537,111002.0,30.94131,bid,1756904183856
1756904184.2323537,111003.0,0.7068,ask,1756904183856
1756904184.5088913,111002.0,29.05003,bid,1756904183995
1756904184.5088913,111003.0,0.70222,ask,1756904183995
1756904184.6226795,111002.0,29.05003,bid,1756904184106
1756904184.6226795,111003.0,0.24097,ask,1756904184106
1756904184.6232004,111002.0,29.11933,bid,1756904184281
1756904184.6232004,111003.0,0.24097,ask,1756904184281
1756904184.7073405,111002.0,26.41765,bid,1756904184363
1756904184.7073405,111003.0,0.24097,ask,1756904184363
1756904184.888844,111002.0,26.20193,bid,1756904184469
1756904184.888844,111003.0,0.24097,ask,1756904184469
1756904185.0427482,111002.0,26.27288,bid,1756904184599
1756904185.0427482,111003.0,0.24097,ask,1756904184599
1756904185.0735908,111002.0,26.15899,bid,1756904184709
1756904185.0735908,111003.0,0.24097,ask,1756904184709
1756904185.4010742,111002.0,26.15408,bid,1756904184800
1756904185.4010742,111003.0,0.2298,ask,1756904184800
1756904185.4257152,111002.0,28.85617,bid,1756904184927
1756904185.4257152,111003.0,0.2298,ask,1756904184927
1756904185.4257152,111002.0,28.85617,bid,1756904185000
1756904185.4257152,111003.0,0.22955,ask,1756904185000
1756904185.4810603,111002.0,28.84736,bid,1756904185058
1756904185.4810603,111003.0,0.22955,ask,1756904185058
1756904185.7464828,111002.0,28.88289,bid,1756904185133
1756904185.7464828,111003.0,0.22955,ask,1756904185133
1756904185.7464828,111002.0,28.84736,bid,1756904185287
1756904185.7464828,111003.0,0.22955,ask,1756904185287
1756904186.004173,111002.0,30.1984,bid,1756904185524
1756904186.004173,111003.0,0.22955,ask,1756904185524
1756904186.0061789,111002.0,30.73881,bid,1756904185603
1756904186.0061789,111003.0,0.22955,ask,1756904185603
1756904186.3874981,111002.0,30.74762,bid,1756904185996
1756904186.3874981,111003.0,0.22955,ask,1756904185996
1756904186.5251274,111002.0,31.40664,bid,1756904186084
1756904186.5251274,111003.0,0.22955,ask,1756904186084
1756904186.7521932,111003.0,7.73644,bid,1756904186244
1756904186.7521932,111004.0,0.00011,ask,1756904186244
1756904186.752714,111003.0,10.00961,bid,1756904186310
1756904186.752714,111004.0,0.00011,ask,1756904186310
1756904186.781565,111003.0,12.89306,bid,1756904186366
1756904186.781565,111004.0,0.00011,ask,1756904186366
1756904186.8137896,111003.0,20.61565,bid,1756904186427
1756904186.8137896,111004.0,0.00011,ask,1756904186427
1756904186.8373904,111003.0,32.01752,bid,1756904186489
1756904186.8373904,111004.0,0.00011,ask,1756904186489
1756904187.0113547,111003.0,36.98585,bid,1756904186623
1756904187.0113547,111011.0,2.28295,ask,1756904186623
1756904187.1853867,111010.0,2.46621,bid,1756904186677
1756904187.1853867,111011.0,2.24239,ask,1756904186677
1756904187.1853867,111010.0,5.55654,bid,1756904186817
1756904187.1853867,111011.0,2.24239,ask,1756904186817
1756904187.1853867,111010.0,14.9155,bid,1756904186878
1756904187.1853867,111011.0,2.24239,ask,1756904186878
1756904187.2412755,111010.0,28.74504,bid,1756904186962
1756904187.2412755,111011.0,0.13509,ask,1756904186962
1756904187.3966901,111010.0,28.74504,bid,1756904187026
1756904187.3966901,111011.0,0.13499,ask,1756904187026
1756904187.5304778,111010.0,29.44131,bid,1756904187088
1756904187.5304778,111011.0,0.13499,ask,1756904187088
1756904187.5310075,111010.0,29.64044,bid,1756904187161
1756904187.5310075,111011.0,0.13499,ask,1756904187161
1756904187.670976,111010.0,29.53866,bid,1756904187286
1756904187.670976,111011.0,0.00011,ask,1756904187286
1756904187.7868495,111010.0,29.3149,bid,1756904187446
1756904187.7868495,111011.0,0.00011,ask,1756904187446
1756904187.8497677,111010.0,29.94617,bid,1756904187558
1756904187.8497677,111011.0,0.00011,ask,1756904187558
1756904188.1233468,111010.0,29.9539,bid,1756904187689
1756904188.1233468,111011.0,0.00011,ask,1756904187689
1756904188.171592,111010.0,29.50446,bid,1756904187761
1756904188.171592,111011.0,0.00011,ask,1756904187761
1756904188.1957445,111010.0,29.46952,bid,1756904187902
1756904188.1957445,111011.0,0.00011,ask,1756904187902
1756904188.3413026,111010.0,33.96477,bid,1756904188030
1756904188.3413026,111011.0,0.00011,ask,1756904188030
1756904189.3087575,111010.0,33.96477,bid,1756904188081
1756904189.3087575,111012.0,0.00011,ask,1756904188081
1756904189.3087575,111011.0,12.43564,bid,1756904188232
1756904189.3087575,111012.0,0.00011,ask,1756904188232
1756904189.3097966,111011.0,20.70228,bid,1756904188433
1756904189.3097966,111012.0,0.00011,ask,1756904188433
1756904189.3097966,111011.0,31.38495,bid,1756904188579
1756904189.3097966,111012.0,0.00011,ask,1756904188579
1756904189.3103237,111011.0,33.13239,bid,1756904188715
1756904189.3103237,111012.0,0.00011,ask,1756904188715
1756904189.3103237,111011.0,31.75689,bid,1756904188783
1756904189.3103237,111012.0,0.00011,ask,1756904188783
1756904189.5494845,111011.0,30.89385,bid,1756904188836
1756904189.5494845,111012.0,0.00011,ask,1756904188836
1756904189.5494845,111011.0,29.95766,bid,1756904188889
1756904189.5494845,111013.0,0.00011,ask,1756904188889
1756904189.596885,111013.0,5.82001,bid,1756904189037
1756904189.596885,111014.0,0.07086,ask,1756904189037
1756904189.5974026,111013.0,6.2914,bid,1756904189103
1756904189.5974026,111014.0,0.07086,ask,1756904189103
1756904189.5974026,111013.0,7.4573,bid,1756904189181
1756904189.5974026,111014.0,0.07086,ask,1756904189181
1756904189.744458,111013.0,7.91707,bid,1756904189261
1756904189.744458,111014.0,0.07086,ask,1756904189261
1756904189.870163,111013.0,28.74741,bid,1756904189395
1756904189.870163,111014.0,0.20595,ask,1756904189395
1756904189.8748555,111013.0,28.8265,bid,1756904189461
1756904189.8748555,111014.0,0.13509,ask,1756904189461
1756904189.967547,111013.0,29.28029,bid,1756904189590
1756904189.967547,111014.0,0.13509,ask,1756904189590
1756904190.0148284,111013.0,28.78838,bid,1756904189591
1756904190.0148284,111014.0,0.13509,ask,1756904189591
1756904190.1395326,111013.0,27.40645,bid,1756904189780
1756904190.1395326,111015.0,0.00011,ask,1756904189780
1756904190.2516701,111014.0,7.07721,bid,1756904189864
1756904190.2516701,111015.0,0.00011,ask,1756904189864
1756904190.4513898,111014.0,12.97429,bid,1756904189992
1756904190.4513898,111015.0,0.00011,ask,1756904189992
1756904190.6831355,111017.0,0.39553,bid,1756904190066
1756904190.6831355,111018.0,0.13405,ask,1756904190066
1756904190.7509074,111017.0,2.52579,bid,1756904190293
1756904190.7509074,111018.0,0.13405,ask,1756904190293
1756904190.889737,111017.0,4.86666,bid,1756904190494
1756904190.889737,111018.0,0.13405,ask,1756904190494
1756904191.0868464,111017.0,20.59987,bid,1756904190568
1756904191.0868464,111018.0,0.13405,ask,1756904190568
1756904191.0868464,111017.0,25.68527,bid,1756904190633
1756904191.0868464,111018.0,0.19817,ask,1756904190633
1756904191.1221898,111017.0,27.24267,bid,1756904190695
1756904191.1221898,111018.0,0.19817,ask,1756904190695
1756904191.1886716,111017.0,27.11746,bid,1756904190816
1756904191.1886716,111018.0,0.23054,ask,1756904190816
1756904191.2743318,111017.0,29.76738,bid,1756904190897
1756904191.2743318,111018.0,0.23054,ask,1756904190897
1756904191.5584571,111017.0,29.18217,bid,1756904191031
1756904191.5584571,111018.0,0.23054,ask,1756904191031
1756904191.7364626,111017.0,27.55259,bid,1756904191099
1756904191.7364626,111018.0,0.23054,ask,1756904191099
1756904191.7364626,111017.0,28.55455,bid,1756904191229
1756904191.7364626,111018.0,0.03237,ask,1756904191229
1756904191.7364626,111017.0,29.04485,bid,1756904191378
1756904191.7364626,111018.0,0.00011,ask,1756904191378
1756904191.8929634,111017.0,29.02416,bid,1756904191484
1756904191.8929634,111018.0,0.00011,ask,1756904191484
1756904192.0613778,111017.0,28.48383,bid,1756904191665
1756904192.0613778,111018.0,0.00011,ask,1756904191665
1756904192.1223266,111017.0,29.35736,bid,1756904191742
1756904192.1223266,111018.0,0.00011,ask,1756904191742
1756904192.1998487,111017.0,29.45321,bid,1756904191839
1756904192.1998487,111019.0,0.00011,ask,1756904191839
1756904192.2591105,111018.0,11.09017,bid,1756904191902
1756904192.2591105,111019.0,0.00011,ask,1756904191902
1756904192.3307786,111026.0,4.41713,bid,1756904192030
1756904192.3307786,111027.0,0.13515,ask,1756904192030
1756904192.42564,111026.0,6.22981,bid,1756904192101
1756904192.42564,111027.0,0.13515,ask,1756904192101
1756904192.5565372,111026.0,6.62867,bid,1756904192161
1756904192.5565372,111027.0,0.13515,ask,1756904192161
1756904192.6261528,111026.0,8.98072,bid,1756904192237
1756904192.6261528,111027.0,0.13515,ask,1756904192237
1756904192.7998273,111026.0,16.62048,bid,1756904192361
1756904192.7998273,111027.0,0.31529,ask,1756904192361
1756904192.7998273,111026.0,26.35561,bid,1756904192416
1756904192.7998273,111027.0,0.56352,ask,1756904192416
1756904192.8428524,111026.0,21.79298,bid,1756904192490
1756904192.8428524,111027.0,0.92356,ask,1756904192490
1756904192.947541,111026.0,27.56575,bid,1756904192552
1756904192.947541,111027.0,1.28378,ask,1756904192552
1756904193.231347,111026.0,27.56575,bid,1756904192617
1756904193.231347,111032.0,0.80643,ask,1756904192617
1756904193.247654,111031.0,7.50287,bid,1756904192753
1756904193.247654,111032.0,0.80643,ask,1756904192753
1756904193.3748593,111031.0,10.79839,bid,1756904193019
1756904193.3748593,111033.0,3.17305,ask,1756904193019
1756904193.4426003,111032.0,2.44652,bid,1756904193076
1756904193.4426003,111033.0,1.82238,ask,1756904193076
1756904193.5050778,111032.0,4.75054,bid,1756904193129
1756904193.5050778,111033.0,0.44915,ask,1756904193129
1756904193.950145,111032.0,8.15737,bid,1756904193249
1756904193.950145,111033.0,0.44915,ask,1756904193249
1756904194.5810146,111032.0,18.75203,bid,1756904193510
1756904194.5810146,111033.0,1.82121,ask,1756904193510
1756904194.5810146,111032.0,17.0777,bid,1756904193621
1756904194.5810146,111033.0,1.95532,ask,1756904193621
1756904194.5810146,111032.0,16.54249,bid,1756904193684
1756904194.5810146,111033.0,2.06532,ask,1756904193684
1756904194.5810146,111032.0,15.62543,bid,1756904193912
1756904194.5810146,111033.0,0.78733,ask,1756904193912
1756904194.5830233,111032.0,15.3476,bid,1756904193988
1756904194.5830233,111033.0,0.9297,ask,1756904193988
1756904194.5830233,111032.0,14.23924,bid,1756904194094
1756904194.5830233,111033.0,1.21233,ask,1756904194094
1756904194.5830233,111032.0,9.2242,bid,1756904194153
1756904194.5830233,111033.0,1.06996,ask,1756904194153
1756904194.7606168,111032.0,8.80528,bid,1756904194256
1756904194.7606168,111033.0,0.85009,ask,1756904194256
1756904194.8541317,111032.0,8.10783,bid,1756904194318
1756904194.8541317,111033.0,0.6702,ask,1756904194318
1756904195.0011146,111032.0,7.35904,bid,1756904194447
1756904195.0011146,111033.0,0.67035,ask,1756904194447
1756904195.0011146,111032.0,6.55594,bid,1756904194572
1756904195.0011146,111033.0,0.82271,ask,1756904194572
1756904195.05554,111032.0,5.99331,bid,1756904194718
1756904195.05554,111033.0,0.82271,ask,1756904194718
1756904195.05554,111032.0,8.78979,bid,1756904194774
1756904195.05554,111033.0,1.00245,ask,1756904194774
1756904195.1854925,111032.0,9.84998,bid,1756904194848
1756904195.1854925,111033.0,0.74407,ask,1756904194848
1756904195.381761,111032.0,10.56944,bid,1756904194975
1756904195.381761,111033.0,0.74407,ask,1756904194975
1756904195.4740717,111032.0,7.77296,bid,1756904195132
1756904195.4740717,111033.0,0.74407,ask,1756904195132
1756904195.5679698,111032.0,7.25304,bid,1756904195217
1756904195.5679698,111033.0,0.74407,ask,1756904195217
1756904195.8364236,111032.0,7.25304,bid,1756904195420
1756904195.8364236,111033.0,1.37398,ask,1756904195420
1756904195.984408,111032.0,16.5875,bid,1756904195548
1756904195.984408,111033.0,0.94801,ask,1756904195548
1756904195.984408,111032.0,19.2632,bid,1756904195655
1756904195.984408,111033.0,0.80903,ask,1756904195655
1756904196.1711528,111032.0,23.56644,bid,1756904195783
1756904196.1711528,111034.0,0.00011,ask,1756904195783
1756904196.2636182,111033.0,20.41678,bid,1756904195925
1756904196.2636182,111034.0,0.00011,ask,1756904195925
1756904196.4162624,111033.0,28.06348,bid,1756904196054
1756904196.4162624,111034.0,0.00011,ask,1756904196054
1756904196.4600465,111033.0,31.5446,bid,1756904196126
1756904196.4600465,111034.0,0.00011,ask,1756904196126
1756904196.4998102,111033.0,47.84275,bid,1756904196258
1756904196.4998102,111034.0,0.00011,ask,1756904196258
1756904196.65942,111033.0,49.18526,bid,1756904196328
1756904196.65942,111035.0,0.00011,ask,1756904196328
1756904196.7955766,111034.0,9.09224,bid,1756904196415
1756904196.7955766,111039.0,0.00011,ask,1756904196415
1756904196.8684769,111038.0,3.41928,bid,1756904196499
1756904196.8684769,111039.0,0.00011,ask,1756904196499
1756904197.2419832,111038.0,7.47063,bid,1756904196696
1756904197.2419832,111042.0,0.90037,ask,1756904196696
1756904197.2762942,111041.0,3.34168,bid,1756904196777
1756904197.2762942,111043.0,0.52306,ask,1756904196777
1756904197.3003383,111042.0,6.34234,bid,1756904196880
1756904197.3003383,111043.0,0.52306,ask,1756904196880
1756904197.4536264,111042.0,10.37758,bid,1756904196952
1756904197.4536264,111043.0,0.52306,ask,1756904196952
1756904197.4758723,111042.0,18.07145,bid,1756904197103
1756904197.4758723,111043.0,1.42343,ask,1756904197103
1756904197.6167274,111042.0,18.3742,bid,1756904197208
1756904197.6167274,111043.0,3.48926,ask,1756904197208
1756904197.6836812,111042.0,16.98633,bid,1756904197308
1756904197.6836812,111043.0,3.41915,ask,1756904197308
1756904197.6997893,111042.0,20.12495,bid,1756904197357
1756904197.6997893,111043.0,3.41915,ask,1756904197357
1756904197.8492813,111042.0,19.51379,bid,1756904197477
1756904197.8492813,111043.0,2.62878,ask,1756904197477
1756904197.8977716,111042.0,19.02957,bid,1756904197609
1756904197.8977716,111043.0,2.62878,ask,1756904197609
1756904198.031167,111042.0,18.10581,bid,1756904197691
1756904198.031167,111043.0,1.33409,ask,1756904197691
1756904198.0635135,111042.0,16.885,bid,1756904197757
1756904198.0635135,111043.0,1.33409,ask,1756904197757
1756904198.1683805,111042.0,16.885,bid,1756904197827
1756904198.1683805,111043.0,2.67347,ask,1756904197827
1756904198.3989317,111042.0,16.81448,bid,1756904198021
1756904198.3989317,111043.0,3.75396,ask,1756904198021
1756904198.4945676,111042.0,15.04973,bid,1756904198105
1756904198.4945676,111043.0,6.45522,ask,1756904198105
1756904198.529266,111042.0,15.04973,bid,1756904198159
1756904198.529266,111043.0,6.54683,ask,1756904198159
1756904199.16937,111042.0,14.9804,bid,1756904198404
1756904199.16937,111043.0,6.54683,ask,1756904198404
1756904199.16937,111042.0,14.70254,bid,1756904198621
1756904199.16937,111043.0,6.57909,ask,1756904198621
1756904199.318849,111042.0,14.69374,bid,1756904198765
1756904199.318849,111043.0,6.57909,ask,1756904198765
1756904199.318849,111042.0,14.69374,bid,1756904198941
1756904199.318849,111043.0,6.57908,ask,1756904198941
1756904199.3500097,111042.0,14.69374,bid,1756904198998
1756904199.3500097,111043.0,4.77834,ask,1756904198998
1756904199.5470667,111042.0,14.69374,bid,1756904199054
1756904199.5470667,111043.0,3.87797,ask,1756904199054
1756904199.5766726,111042.0,15.00885,bid,1756904199230
1756904199.5766726,111043.0,2.96409,ask,1756904199230
1756904199.6662178,111042.0,15.00885,bid,1756904199336
1756904199.6662178,111043.0,3.86446,ask,1756904199336
1756904199.7294412,111042.0,15.01765,bid,1756904199387
1756904199.7294412,111043.0,2.96409,ask,1756904199387
1756904199.7561688,111042.0,15.01765,bid,1756904199463
1756904199.7561688,111043.0,6.56558,ask,1756904199463
1756904200.1234033,111042.0,14.48265,bid,1756904199788
1756904200.1234033,111043.0,6.56558,ask,1756904199788
1756904200.1695857,111042.0,14.11108,bid,1756904199862
1756904200.1695857,111043.0,6.56558,ask,1756904199862
1756904200.3314204,111042.0,13.79597,bid,1756904200018
1756904200.3314204,111043.0,6.56558,ask,1756904200018
1756904200.551118,111042.0,13.30065,bid,1756904200326
1756904200.551118,111043.0,6.56558,ask,1756904200326
1756904200.7058265,111042.0,13.20007,bid,1756904200380
1756904200.7058265,111043.0,6.56558,ask,1756904200380
1756904200.778825,111042.0,10.94949,bid,1756904200468
1756904200.778825,111043.0,6.56558,ask,1756904200468
1756904200.9230952,111042.0,10.94949,bid,1756904200607
1756904200.9230952,111043.0,2.96409,ask,1756904200607
1756904200.980747,111042.0,10.94069,bid,1756904200692
1756904200.980747,111043.0,3.86446,ask,1756904200692
1756904201.0419092,111042.0,10.94069,bid,1756904200757
1756904201.0419092,111043.0,4.76483,ask,1756904200757
1756904201.2335176,111042.0,10.94069,bid,1756904200887
1756904201.2335176,111043.0,3.86446,ask,1756904200887
1756904201.4119499,111042.0,10.9495,bid,1756904201005
1756904201.4119499,111043.0,3.81952,ask,1756904201005
1756904201.8670826,111042.0,10.9495,bid,1756904201457
1756904201.8670826,111043.0,2.91915,ask,1756904201457
1756904202.0210931,111042.0,10.9495,bid,1756904201606
1756904202.0210931,111043.0,4.58484,ask,1756904201606
1756904202.1406262,111042.0,10.9495,bid,1756904201776
1756904202.1406262,111043.0,4.71989,ask,1756904201776
1756904202.367393,111042.0,10.9495,bid,1756904201974
1756904202.367393,111043.0,6.52063,ask,1756904201974
1756904202.4531744,111042.0,10.94446,bid,1756904202080
1756904202.4531744,111043.0,6.52063,ask,1756904202080
1756904202.4829452,111042.0,10.94446,bid,1756904202103
1756904202.4829452,111043.0,6.38558,ask,1756904202103
1756904202.5050368,111042.0,10.94446,bid,1756904202202
1756904202.5050368,111043.0,6.33739,ask,1756904202202
1756904202.6348991,111042.0,10.94446,bid,1756904202295
1756904202.6348991,111043.0,6.3374,ask,1756904202295
1756904202.7438598,111042.0,10.93565,bid,1756904202402
1756904202.7438598,111043.0,6.3374,ask,1756904202402
1756904202.8384988,111042.0,10.96849,bid,1756904202517
1756904202.8384988,111043.0,6.47245,ask,1756904202517
1756904203.1327653,111042.0,10.97149,bid,1756904202755
1756904203.1327653,111043.0,6.3374,ask,1756904202755
1756904203.4444818,111042.0,11.13865,bid,1756904203079
1756904203.4444818,111043.0,6.33739,ask,1756904203079
1756904203.4754426,111042.0,11.14746,bid,1756904203172
1756904203.4754426,111043.0,6.33739,ask,1756904203172
1756904203.996369,111042.0,13.1893,bid,1756904203282
1756904203.996369,111043.0,0.34398,ask,1756904203282
1756904203.9968865,111042.0,13.22214,bid,1756904203338
1756904203.9968865,111043.0,0.20172,ask,1756904203338
1756904203.9989848,111042.0,12.39389,bid,1756904203417
1756904203.9989848,111043.0,2.79125,ask,1756904203417
1756904204.2396388,111042.0,12.39389,bid,1756904203542
1756904204.2396388,111043.0,5.49236,ask,1756904203542
1756904204.2396388,111042.0,12.5511,bid,1756904203725
1756904204.2396388,111043.0,5.49236,ask,1756904203725
1756904204.2396388,111042.0,12.5511,bid,1756904203822
1756904204.2396388,111043.0,5.39236,ask,1756904203822
1756904204.389857,111042.0,12.5511,bid,1756904203942
1756904204.389857,111043.0,2.15103,ask,1756904203942
1756904204.4748201,111042.0,12.5511,bid,1756904204018
1756904204.4748201,111043.0,1.35056,ask,1756904204018
1756904204.5324469,111042.0,12.48182,bid,1756904204092
1756904204.5324469,111043.0,1.35056,ask,1756904204092
1756904204.5324469,111042.0,12.48182,bid,1756904204145
1756904204.5324469,111043.0,2.25093,ask,1756904204145
1756904204.5402403,111042.0,12.47301,bid,1756904204226
1756904204.5402403,111043.0,2.79115,ask,1756904204226
1756904204.5947175,111042.0,12.44778,bid,1756904204282
1756904204.5947175,111043.0,5.49228,ask,1756904204282
1756904204.9610856,111042.0,12.47301,bid,1756904204578
1756904204.9610856,111043.0,2.25093,ask,1756904204578
1756904204.9610856,111042.0,12.48182,bid,1756904204627
1756904204.9610856,111043.0,2.25093,ask,1756904204627
1756904204.9865203,111042.0,12.52684,bid,1756904204684
1756904204.9865203,111043.0,4.95207,ask,1756904204684
1756904205.539686,111042.0,12.57088,bid,1756904204982
1756904205.539686,111043.0,4.95207,ask,1756904204982
1756904205.6650934,111042.0,12.57088,bid,1756904205177
1756904205.6650934,111043.0,4.91645,ask,1756904205177
1756904205.6976786,111042.0,12.55971,bid,1756904205350
1756904205.6976786,111043.0,4.91645,ask,1756904205350
1756904205.8859162,111042.0,12.73845,bid,1756904205545
1756904205.8859162,111043.0,4.91645,ask,1756904205545
1756904206.3235219,111042.0,12.73845,bid,1756904206016
1756904206.3235219,111043.0,4.9161,ask,1756904206016
1756904206.3754992,111042.0,12.73689,bid,1756904206096
1756904206.3754992,111043.0,4.9161,ask,1756904206096
1756904206.542823,111042.0,12.72808,bid,1756904206190
1756904206.542823,111043.0,4.9161,ask,1756904206190
1756904206.576501,111042.0,12.72238,bid,1756904206314
1756904206.576501,111043.0,4.9161,ask,1756904206314
1756904206.6381261,111042.0,12.58962,bid,1756904206368
1756904206.6381261,111043.0,2.21496,ask,1756904206368
1756904206.69153,111042.0,12.58962,bid,1756904206431
1756904206.69153,111043.0,4.9161,ask,1756904206431
1756904206.8688889,111042.0,12.52916,bid,1756904206567
1756904206.8688889,111044.0,0.00011,ask,1756904206567
1756904206.9752874,111043.0,3.7883,bid,1756904206629
1756904206.9752874,111044.0,0.00011,ask,1756904206629
1756904207.144955,111043.0,4.94484,bid,1756904206789
1756904207.144955,111044.0,0.00011,ask,1756904206789
1756904207.175718,111043.0,12.92109,bid,1756904206842
1756904207.175718,111044.0,4.95224,ask,1756904206842
1756904207.3392653,111043.0,20.46198,bid,1756904206977
1756904207.3392653,111044.0,6.03267,ask,1756904206977
1756904207.4173245,111043.0,18.70404,bid,1756904207108
1756904207.4173245,111044.0,9.01095,ask,1756904207108
1756904207.6436946,111043.0,14.2998,bid,1756904207310
1756904207.6436946,111044.0,9.19082,ask,1756904207310
1756904207.8147025,111043.0,13.91415,bid,1756904207426
1756904207.8147025,111044.0,6.35469,ask,1756904207426
1756904207.837138,111043.0,13.06708,bid,1756904207529
1756904207.837138,111044.0,6.35469,ask,1756904207529
1756904208.0747333,111043.0,13.07068,bid,1756904207703
1756904208.0747333,111044.0,6.48974,ask,1756904207703
1756904208.2025743,111043.0,10.73652,bid,1756904207826
1756904208.2025743,111044.0,9.70097,ask,1756904207826
1756904208.4404392,111043.0,10.63871,bid,1756904208025
1756904208.4404392,111044.0,9.70093,ask,1756904208025
1756904208.5302718,111043.0,10.63871,bid,1756904208150
1756904208.5302718,111044.0,9.19093,ask,1756904208150
1756904208.98541,111043.0,10.82993,bid,1756904208328
1756904208.98541,111044.0,9.05588,ask,1756904208328
1756904209.439199,111043.0,10.67066,bid,1756904208542
1756904209.439199,111044.0,9.28976,ask,1756904208542
1756904209.439199,111043.0,10.66147,bid,1756904208636
1756904209.439199,111044.0,9.28976,ask,1756904208636
1756904209.439199,111043.0,10.7515,bid,1756904208745
1756904209.439199,111044.0,6.58868,ask,1756904208745
1756904209.439199,111043.0,10.84153,bid,1756904208883
1756904209.439199,111044.0,6.58868,ask,1756904208883
1756904209.439199,111043.0,9.80525,bid,1756904209048
1756904209.439199,111044.0,6.58868,ask,1756904209048
1756904209.7435415,111043.0,10.61557,bid,1756904209291
1756904209.7435415,111044.0,6.47868,ask,1756904209291
1756904209.7435415,111043.0,10.61558,bid,1756904209346
1756904209.7435415,111044.0,6.47868,ask,1756904209346
1756904209.9157684,111043.0,9.80525,bid,1756904209548
1756904209.9157684,111044.0,6.47868,ask,1756904209548
1756904209.9335873,111043.0,9.71522,bid,1756904209664
1756904209.9335873,111044.0,6.47868,ask,1756904209664
1756904210.0984213,111043.0,9.62519,bid,1756904209788
1756904210.0984213,111044.0,6.47868,ask,1756904209788
1756904210.2331583,111043.0,9.71522,bid,1756904209841
1756904210.2331583,111044.0,6.47868,ask,1756904209841
1756904210.2492175,111043.0,4.14264,bid,1756904209947
1756904210.2492175,111044.0,6.61183,ask,1756904209947
1756904210.5925233,111043.0,5.609,bid,1756904210230
1756904210.5925233,111044.0,4.95212,ask,1756904210230
1756904210.6308327,111043.0,6.72153,bid,1756904210302
1756904210.6308327,111044.0,4.95212,ask,1756904210302
1756904210.7103133,111043.0,8.90777,bid,1756904210429
1756904210.7103133,111044.0,5.49233,ask,1756904210429
1756904210.765059,111043.0,9.04891,bid,1756904210503
1756904210.765059,111044.0,6.03254,ask,1756904210503
1756904210.998287,111043.0,8.3088,bid,1756904210625
1756904210.998287,111044.0,6.03254,ask,1756904210625
1756904211.1036506,111043.0,9.20917,bid,1756904210761
1756904211.1036506,111044.0,6.03254,ask,1756904210761
1756904211.138888,111043.0,9.13996,bid,1756904210856
1756904211.138888,111044.0,6.03254,ask,1756904210856
1756904211.3917093,111043.0,9.13995,bid,1756904211027
1756904211.3917093,111044.0,6.03254,ask,1756904211027
1756904211.6104977,111043.0,9.0049,bid,1756904211185
1756904211.6104977,111044.0,6.03254,ask,1756904211185
1756904211.711473,111043.0,9.0049,bid,1756904211376
1756904211.711473,111044.0,6.04135,ask,1756904211376
1756904211.7501116,111043.0,9.13995,bid,1756904211430
1756904211.7501116,111044.0,6.04135,ask,1756904211430
1756904211.7598042,111043.0,9.0049,bid,1756904211494
1756904211.7598042,111044.0,6.04135,ask,1756904211494
1756904212.0504007,111043.0,8.10454,bid,1756904211639
1756904212.0504007,111044.0,8.93674,ask,1756904211639
1756904212.242398,111043.0,8.10454,bid,1756904211872
1756904212.242398,111044.0,6.23566,ask,1756904211872
1756904212.4227707,111043.0,9.00077,bid,1756904212065
1756904212.4227707,111044.0,6.22675,ask,1756904212065
1756904212.6728709,111043.0,9.00077,bid,1756904212274
1756904212.6728709,111044.0,6.0917,ask,1756904212274
1756904212.8325925,111043.0,9.01009,bid,1756904212362
1756904212.8325925,111044.0,5.55149,ask,1756904212362
1756904212.8643787,111043.0,9.08808,bid,1756904212479
1756904212.8643787,111044.0,5.55149,ask,1756904212479
1756904212.9414978,111043.0,9.08808,bid,1756904212676
1756904212.9414978,111044.0,6.0917,ask,1756904212676
1756904213.11356,111043.0,9.22313,bid,1756904212794
1756904213.11356,111044.0,6.0917,ask,1756904212794
1756904213.2901847,111043.0,9.22313,bid,1756904212996
1756904213.2901847,111044.0,6.07288,ask,1756904212996
1756904214.238744,111043.0,8.32277,bid,1756904213679
1756904214.238744,111044.0,6.07288,ask,1756904213679
1756904214.238744,111043.0,9.22313,bid,1756904213774
1756904214.238744,111044.0,6.07288,ask,1756904213774
1756904214.489672,111043.0,9.34937,bid,1756904213951
1756904214.489672,111044.0,6.07288,ask,1756904213951
1756904214.4901993,111043.0,9.34937,bid,1756904214022
1756904214.4901993,111044.0,6.07271,ask,1756904214022
1756904214.4901993,111043.0,9.21432,bid,1756904214140
1756904214.4901993,111044.0,6.07271,ask,1756904214140
1756904214.5431564,111043.0,9.07927,bid,1756904214206
1756904214.5431564,111044.0,6.07271,ask,1756904214206
1756904214.6618388,111043.0,9.08808,bid,1756904214355
1756904214.6618388,111044.0,6.07271,ask,1756904214355
1756904214.8824687,111043.0,8.18772,bid,1756904214540
1756904214.8824687,111044.0,6.20776,ask,1756904214540
1756904215.3561707,111043.0,8.18772,bid,1756904215032
1756904215.3561707,111044.0,6.20749,ask,1756904215032
1756904215.521469,111043.0,8.13688,bid,1756904215155
1756904215.521469,111044.0,6.23975,ask,1756904215155
1756904215.5629964,111043.0,8.12571,bid,1756904215222
1756904215.5629964,111044.0,8.94084,ask,1756904215222
1756904215.8736322,111043.0,8.1349,bid,1756904215564
1756904215.8736322,111044.0,6.23975,ask,1756904215564
1756904216.0455823,111043.0,8.04772,bid,1756904215763
1756904216.0455823,111044.0,6.23975,ask,1756904215763
1756904216.2569106,111043.0,7.91539,bid,1756904215967
1756904216.2569106,111044.0,9.05084,ask,1756904215967
1756904216.3257124,111043.0,7.91539,bid,1756904216023
1756904216.3257124,111044.0,9.19417,ask,1756904216023
1756904216.4966872,111043.0,7.23998,bid,1756904216165
1756904216.4966872,111044.0,9.19417,ask,1756904216165
1756904216.5202274,111043.0,4.74616,bid,1756904216239
1756904216.5202274,111044.0,9.05084,ask,1756904216239
1756904216.6221945,111043.0,5.64652,bid,1756904216368
1756904216.6221945,111044.0,6.23975,ask,1756904216368
1756904216.630906,111043.0,5.66452,bid,1756904216436
1756904216.630906,111044.0,6.23975,ask,1756904216436
1756904216.8409913,111043.0,6.33993,bid,1756904216552
1756904216.8409913,111044.0,6.23975,ask,1756904216552
1756904216.9420679,111043.0,9.22794,bid,1756904216642
1756904216.9420679,111044.0,6.23975,ask,1756904216642
1756904217.2469573,111043.0,9.21913,bid,1756904216966
1756904217.2469573,111044.0,6.23975,ask,1756904216966
1756904217.3406615,111043.0,9.21913,bid,1756904217029
1756904217.3406615,111044.0,6.23965,ask,1756904217029
1756904217.4950726,111043.0,9.21914,bid,1756904217168
1756904217.4950726,111044.0,6.23965,ask,1756904217168
1756904217.7641006,111043.0,7.95159,bid,1756904217435
1756904217.7641006,111044.0,6.23965,ask,1756904217435
1756904217.8334975,111043.0,4.75535,bid,1756904217558
1756904217.8334975,111044.0,6.23965,ask,1756904217558
1756904218.0923898,111043.0,5.65572,bid,1756904217768
1756904218.0923898,111044.0,6.23965,ask,1756904217768
1756904218.1173146,111043.0,6.0228,bid,1756904217826
1756904218.1173146,111044.0,6.28467,ask,1756904217826
1756904218.2484782,111043.0,5.12243,bid,1756904217970
1756904218.2484782,111044.0,6.23965,ask,1756904217970
1756904218.3412805,111043.0,4.75535,bid,1756904218027
1756904218.3412805,111044.0,6.38227,ask,1756904218027
1756904218.8192976,111043.0,5.41276,bid,1756904218369
1756904218.8192976,111044.0,6.23965,ask,1756904218369
1756904218.8192976,111043.0,7.82438,bid,1756904218439
1756904218.8192976,111044.0,6.23965,ask,1756904218439
1756904219.2745678,111043.0,8.72475,bid,1756904218641
1756904219.2745678,111044.0,6.23965,ask,1756904218641
1756904219.2806692,111043.0,8.73175,bid,1756904218845
1756904219.2806692,111044.0,6.23965,ask,1756904218845
1756904219.2806692,111043.0,7.83138,bid,1756904218912
1756904219.2806692,111044.0,6.23965,ask,1756904218912
1756904219.3904328,111043.0,5.66272,bid,1756904219054
1756904219.3904328,111044.0,6.42756,ask,1756904219054
1756904219.4401581,111043.0,4.76235,bid,1756904219185
1756904219.4401581,111044.0,6.42756,ask,1756904219185
1756904219.5088143,111043.0,4.76235,bid,1756904219257
1756904219.5088143,111044.0,6.24749,ask,1756904219257
1756904219.791744,111043.0,5.66272,bid,1756904219371
1756904219.791744,111044.0,6.24749,ask,1756904219371
1756904219.791744,111043.0,8.04175,bid,1756904219422
1756904219.791744,111044.0,6.24749,ask,1756904219422
1756904219.814647,111043.0,9.08409,bid,1756904219516
1756904219.814647,111044.0,6.14932,ask,1756904219516
1756904219.9117293,111043.0,5.66272,bid,1756904219657
1756904219.9117293,111044.0,6.14932,ask,1756904219657
1756904220.2203236,111043.0,5.66271,bid,1756904219858
1756904220.2203236,111044.0,6.14932,ask,1756904219858
1756904220.3958838,111043.0,7.76683,bid,1756904220029
1756904220.3958838,111044.0,6.23786,ask,1756904220029
1756904220.449901,111043.0,8.8091,bid,1756904220094
1756904220.449901,111044.0,6.23786,ask,1756904220094
1756904220.4631991,111043.0,8.8091,bid,1756904220164
1756904220.4631991,111044.0,6.10281,ask,1756904220164
1756904220.5997412,111043.0,8.8091,bid,1756904220320
1756904220.5997412,111044.0,5.5626,ask,1756904220320
1756904220.7758207,111043.0,8.8091,bid,1756904220370
1756904220.7758207,111044.0,5.50334,ask,1756904220370
1756904220.916508,111043.0,8.94415,bid,1756904220564
1756904220.916508,111044.0,5.50334,ask,1756904220564
1756904221.2486255,111043.0,8.94415,bid,1756904220884
1756904221.2486255,111044.0,6.04355,ask,1756904220884
1756904221.48908,111043.0,9.4399,bid,1756904221164
1756904221.48908,111044.0,0.57247,ask,1756904221164
1756904221.5587864,111043.0,15.85048,bid,1756904221287
1756904221.5587864,111045.0,0.09167,ask,1756904221287
1756904221.8453135,111044.0,10.74781,bid,1756904221387
1756904221.8453135,111045.0,0.09167,ask,1756904221387
1756904222.1079178,111044.0,42.44714,bid,1756904221584
1756904222.1079178,111045.0,0.00011,ask,1756904221584
1756904222.1375694,111044.0,42.59624,bid,1756904221758
1756904222.1375694,111045.0,0.00011,ask,1756904221758
1756904222.3125882,111044.0,51.73028,bid,1756904221894
1756904222.3125882,111045.0,0.00011,ask,1756904221894
1756904222.478849,111044.0,50.14042,bid,1756904221958
1756904222.478849,111045.0,0.00011,ask,1756904221958
1756904222.478849,111046.0,6.37797,bid,1756904222060
1756904222.478849,111047.0,0.04207,ask,1756904222060
1756904222.5870593,111046.0,11.02441,bid,1756904222192
1756904222.5870593,111047.0,0.04207,ask,1756904222192
1756904222.6345088,111046.0,12.5043,bid,1756904222286
1756904222.6345088,111047.0,0.04207,ask,1756904222286
1756904222.7206728,111046.0,20.80851,bid,1756904222341
1756904222.7206728,111047.0,0.04196,ask,1756904222341
1756904222.9906614,111046.0,30.2212,bid,1756904222446
1756904222.9906614,111047.0,0.04196,ask,1756904222446
1756904222.9906614,111046.0,36.41953,bid,1756904222541
1756904222.9906614,111047.0,0.04196,ask,1756904222541
1756904222.9906614,111046.0,41.40149,bid,1756904222613
1756904222.9906614,111047.0,0.04196,ask,1756904222613
1756904223.0625303,111046.0,42.58632,bid,1756904222744
1756904223.0625303,111047.0,0.04196,ask,1756904222744
1756904223.1037354,111046.0,43.07093,bid,1756904222807
1756904223.1037354,111047.0,0.04196,ask,1756904222807
1756904223.2067506,111046.0,41.38134,bid,1756904222867
1756904223.2067506,111047.0,0.04196,ask,1756904222867
1756904223.2672813,111046.0,41.03886,bid,1756904222944
1756904223.2672813,111047.0,0.04196,ask,1756904222944
1756904223.3146348,111046.0,39.46544,bid,1756904223014
1756904223.3146348,111047.0,0.04196,ask,1756904223014
1756904223.4207067,111046.0,32.59447,bid,1756904223076
1756904223.4207067,111047.0,0.04207,ask,1756904223076
1756904223.5228357,111046.0,32.4706,bid,1756904223219
1756904223.5228357,111047.0,0.04207,ask,1756904223219
1756904223.6601338,111046.0,32.50657,bid,1756904223371
1756904223.6601338,111047.0,0.04207,ask,1756904223371
1756904223.6904867,111046.0,32.4706,bid,1756904223422
1756904223.6904867,111047.0,0.04207,ask,1756904223422
1756904223.9197593,111046.0,32.51562,bid,1756904223491
1756904223.9197593,111047.0,0.04207,ask,1756904223491
1756904224.4924917,111046.0,31.94163,bid,1756904223600
1756904224.4924917,111047.0,0.04207,ask,1756904223600
1756904224.4924917,111046.0,31.89973,bid,1756904223690
1756904224.4924917,111047.0,0.04207,ask,1756904223690
1756904224.4924917,111046.0,35.1409,bid,1756904223965
1756904224.4924917,111047.0,0.04207,ask,1756904223965
1756904224.4929955,111046.0,35.19108,bid,1756904224049
1756904224.4929955,111047.0,0.04207,ask,1756904224049
1756904224.6185093,111046.0,35.24431,bid,1756904224214
1756904224.6185093,111047.0,0.04207,ask,1756904224214
1756904224.9208198,111046.0,35.42621,bid,1756904224563
1756904224.9208198,111047.0,0.04207,ask,1756904224563
1756904225.1046119,111046.0,35.94951,bid,1756904224765
1756904225.1046119,111047.0,0.04207,ask,1756904224765
1756904225.2202427,111046.0,35.94591,bid,1756904224922
1756904225.2202427,111047.0,0.04207,ask,1756904224922
1756904225.2770164,111046.0,35.95472,bid,1756904224992
1756904225.2770164,111047.0,0.04207,ask,1756904224992
1756904225.6386826,111046.0,35.98939,bid,1756904225084
1756904225.6386826,111047.0,0.04207,ask,1756904225084
1756904225.83576,111046.0,32.76558,bid,1756904225415
1756904225.83576,111047.0,0.04207,ask,1756904225415
1756904225.8856843,111046.0,31.44031,bid,1756904225500
1756904225.8856843,111047.0,0.04207,ask,1756904225500
1756904226.0300012,111046.0,35.78212,bid,1756904225574
1756904226.0300012,111047.0,0.08804,ask,1756904225574
1756904226.0461085,111046.0,30.94137,bid,1756904225720
1756904226.0461085,111047.0,0.08804,ask,1756904225720
1756904226.2017114,111046.0,41.27978,bid,1756904225828
1756904226.2017114,111047.0,0.08804,ask,1756904225828
1756904226.2414896,111046.0,41.72978,bid,1756904225922
1756904226.2414896,111047.0,0.08804,ask,1756904225922
1756904226.311267,111046.0,41.93309,bid,1756904225977
1756904226.311267,111047.0,0.08804,ask,1756904225977
1756904226.4410155,111046.0,40.78989,bid,1756904226135
1756904226.4410155,111047.0,0.08804,ask,1756904226135
1756904226.509612,111046.0,38.53989,bid,1756904226186
1756904226.509612,111047.0,0.08804,ask,1756904226186
1756904226.7113047,111048.0,0.4,bid,1756904226349
1756904226.7113047,111062.0,0.00029,ask,1756904226349
1756904226.8235059,111061.0,0.50949,bid,1756904226423
1756904226.8235059,111072.0,1.91597,ask,1756904226423
1756904226.906594,111061.0,0.1766,bid,1756904226536
1756904226.906594,111072.0,1.91597,ask,1756904226536
1756904226.9984584,111071.0,0.03521,bid,1756904226645
1756904226.9984584,111072.0,1.91597,ask,1756904226645
1756904227.1814382,111071.0,5.5602,bid,1756904226753
1756904227.1814382,111072.0,1.03003,ask,1756904226753
1756904227.3514493,111071.0,4.80635,bid,1756904226833
1756904227.3514493,111072.0,0.65668,ask,1756904226833
1756904227.3514493,111071.0,14.13338,bid,1756904226942
1756904227.3514493,111072.0,0.31484,ask,1756904226942
1756904227.4143465,111071.0,20.12932,bid,1756904227027
1756904227.4143465,111072.0,0.31484,ask,1756904227027
1756904227.4527652,111071.0,30.30682,bid,1756904227162
1756904227.4527652,111072.0,0.31484,ask,1756904227162
1756904227.5833163,111071.0,30.31762,bid,1756904227231
1756904227.5833163,111072.0,0.31484,ask,1756904227231
1756904227.8158755,111071.0,31.66113,bid,1756904227359
1756904227.8158755,111083.0,0.03082,ask,1756904227359
1756904228.000851,111082.0,3.61179,bid,1756904227429
1756904228.000851,111083.0,0.03082,ask,1756904227429
1756904228.0985415,111082.0,6.39755,bid,1756904227546
1756904228.0985415,111090.0,1.83631,ask,1756904227546
1756904228.127041,111087.0,0.1805,bid,1756904227750
1756904228.127041,111090.0,1.83631,ask,1756904227750
1756904228.3496366,111089.0,1.17369,bid,1756904227974
1756904228.3496366,111090.0,0.08796,ask,1756904227974
1756904228.477772,111089.0,2.30275,bid,1756904228030
1756904228.477772,111090.0,0.74455,ask,1756904228030
1756904228.5128706,111089.0,2.87863,bid,1756904228181
1756904228.5128706,111090.0,0.74455,ask,1756904228181
1756904228.7799103,111089.0,8.23174,bid,1756904228273
1756904228.7799103,111090.0,3.17454,ask,1756904228273
1756904228.8083234,111089.0,8.23174,bid,1756904228388
1756904228.8083234,111090.0,2.22955,ask,1756904228388
1756904228.8261702,111089.0,6.26086,bid,1756904228457
1756904228.8261702,111090.0,2.41175,ask,1756904228457
1756904229.4236617,111089.0,5.30086,bid,1756904228609
1756904229.4236617,111090.0,2.57406,ask,1756904228609
1756904229.4236617,111089.0,5.47152,bid,1756904228836
1756904229.4236617,111090.0,6.79368,ask,1756904228836
1756904229.4236617,111089.0,4.82602,bid,1756904228923
1756904229.4236617,111090.0,7.42698,ask,1756904228923
1756904229.5639691,111089.0,4.82605,bid,1756904229021
1756904229.5639691,111090.0,7.42698,ask,1756904229021
1756904229.5639691,111089.0,5.72991,bid,1756904229063
1756904229.5639691,111090.0,7.42698,ask,1756904229063
1756904229.6379304,111089.0,6.41743,bid,1756904229294
1756904229.6379304,111090.0,6.88699,ask,1756904229294
1756904229.6677487,111089.0,6.41743,bid,1756904229371
1756904229.6677487,111090.0,6.70695,ask,1756904229371
1756904229.7269485,111089.0,5.42358,bid,1756904229466
1756904229.7269485,111090.0,6.86621,ask,1756904229466
1756904229.8631735,111089.0,5.41581,bid,1756904229521
1756904229.8631735,111090.0,6.66195,ask,1756904229521
1756904230.0703814,111089.0,5.68764,bid,1756904229648
1756904230.0703814,111090.0,3.96198,ask,1756904229648
1756904230.0703814,111089.0,5.3436,bid,1756904229748
1756904230.0703814,111090.0,3.96198,ask,1756904229748
1756904230.2130687,111089.0,5.46069,bid,1756904229816
1756904230.2130687,111090.0,0.92041,ask,1756904229816
1756904230.4160721,111089.0,19.46702,bid,1756904229956
1756904230.4160721,111090.0,0.03093,ask,1756904229956
1756904230.6192236,111089.0,20.82042,bid,1756904230018
1756904230.6192236,111090.0,0.00011,ask,1756904230018
1756904230.6715455,111089.0,21.2058,bid,1756904230138
1756904230.6715455,111090.0,0.00011,ask,1756904230138
1756904230.9185612,111089.0,21.2238,bid,1756904230501
1756904230.9185612,111090.0,0.00011,ask,1756904230501
1756904231.2106717,111089.0,21.64323,bid,1756904230639
1756904231.2106717,111098.0,0.06263,ask,1756904230639
1756904231.3075163,111097.0,10.9041,bid,1756904230813
1756904231.3075163,111099.0,0.00011,ask,1756904230813
1756904231.4947379,111098.0,1.08955,bid,1756904230984
1756904231.4947379,111099.0,0.00011,ask,1756904230984
1756904231.5452013,111098.0,6.6627,bid,1756904231097
1756904231.5452013,111099.0,0.00011,ask,1756904231097
1756904231.681944,111098.0,10.9795,bid,1756904231197
1756904231.681944,111100.0,0.01056,ask,1756904231197
1756904231.7941358,111099.0,2.0751,bid,1756904231324
1756904231.7941358,111100.0,0.01056,ask,1756904231324
1756904231.8384805,111099.0,4.90236,bid,1756904231460
1756904231.8384805,111100.0,1.16339,ask,1756904231460
1756904231.9451916,111099.0,4.62506,bid,1756904231609
1756904231.9451916,111100.0,1.31349,ask,1756904231609
1756904232.037668,111099.0,5.06729,bid,1756904231672
1756904232.037668,111100.0,2.97114,ask,1756904231672
1756904232.2232127,111099.0,0.25463,bid,1756904231801
1756904232.2232127,111100.0,30.0942,ask,1756904231801
1756904232.5347114,111098.0,0.29736,bid,1756904232004
1756904232.5347114,111100.0,33.13362,ask,1756904232004
1756904232.6076643,111098.0,0.00446,bid,1756904232164
1756904232.6076643,111099.0,14.71014,ask,1756904232164
1756904232.638911,111091.0,0.00022,bid,1756904232287
1756904232.638911,111099.0,35.82584,ask,1756904232287
1756904232.7819512,111091.0,0.00022,bid,1756904232430
1756904232.7819512,111092.0,3.1701,ask,1756904232430
1756904233.0135221,111087.0,0.00011,bid,1756904232539
1756904233.0135221,111092.0,9.36867,ask,1756904232539
1756904233.065995,111087.0,0.00011,bid,1756904232636
1756904233.065995,111088.0,0.61953,ask,1756904232636
1756904233.2384686,111082.0,2e-05,bid,1756904232809
1756904233.2384686,111083.0,2.7163,ask,1756904232809
1756904233.4713705,111080.0,0.00011,bid,1756904233041
1756904233.4713705,111083.0,9.40247,ask,1756904233041
1756904233.5611722,111078.0,0.14606,bid,1756904233136
1756904233.5611722,111081.0,4.45769,ask,1756904233136
1756904233.651402,111078.0,0.00011,bid,1756904233263
1756904233.651402,111079.0,0.73612,ask,1756904233263
1756904233.7367141,111078.0,0.00011,bid,1756904233344
1756904233.7367141,111079.0,12.33315,ask,1756904233344
1756904234.0706148,111075.0,0.02523,bid,1756904233539
1756904234.0706148,111079.0,30.44508,ask,1756904233539
1756904234.135348,111071.0,0.11499,bid,1756904233648
1756904234.135348,111076.0,4.16552,ask,1756904233648
1756904234.5501919,111071.0,0.11499,bid,1756904233754
1756904234.5501919,111072.0,2.3187,ask,1756904233754
1756904234.550698,111071.0,0.11499,bid,1756904233820
1756904234.550698,111072.0,3.92725,ask,1756904233820
1756904234.550698,111071.0,0.11499,bid,1756904233956
1756904234.550698,111072.0,7.46505,ask,1756904233956
1756904234.550698,111071.0,0.11499,bid,1756904234021
1756904234.550698,111072.0,7.46495,ask,1756904234021
1756904234.5512218,111071.0,0.11499,bid,1756904234077
1756904234.5512218,111072.0,18.92712,ask,1756904234077
1756904234.7131178,111071.0,2.9079,bid,1756904234234
1756904234.7131178,111072.0,22.29503,ask,1756904234234
1756904234.756684,111071.0,3.70539,bid,1756904234363
1756904234.756684,111072.0,24.02221,ask,1756904234363
1756904234.7939994,111071.0,4.06307,bid,1756904234557
1756904234.7939994,111072.0,23.08452,ask,1756904234557
1756904234.9978247,111071.0,4.44102,bid,1756904234639
1756904234.9978247,111072.0,22.45105,ask,1756904234639
1756904235.1895707,111071.0,4.61836,bid,1756904234780
1756904235.1895707,111072.0,19.2088,ask,1756904234780
1756904235.2235548,111071.0,2.44412,bid,1756904234866
1756904235.2235548,111072.0,21.44878,ask,1756904234866
1756904235.2925487,111071.0,0.46808,bid,1756904234974
1756904235.2925487,111072.0,21.15079,ask,1756904234974
1756904235.4804559,111071.0,0.10813,bid,1756904235067
1756904235.4804559,111072.0,22.91353,ask,1756904235067
1756904235.5723603,111071.0,0.00011,bid,1756904235155
1756904235.5723603,111072.0,22.82989,ask,1756904235155
1756904235.7549362,111071.0,0.00011,bid,1756904235268
1756904235.7549362,111072.0,22.8749,ask,1756904235268
1756904235.7789092,111071.0,0.00011,bid,1756904235468
1756904235.7789092,111072.0,21.5247,ask,1756904235468
1756904236.1556854,111071.0,0.00011,bid,1756904235777
1756904236.1556854,111072.0,21.59023,ask,1756904235777
1756904236.3440096,111071.0,0.00011,bid,1756904235959
1756904236.3440096,111072.0,21.79627,ask,1756904235959
1756904236.4363787,111071.0,0.00011,bid,1756904236061
1756904236.4363787,111072.0,21.79593,ask,1756904236061
1756904236.575781,111071.0,0.00011,bid,1756904236179
