timestamp,price,size,side,exchange_timestamp
1756904112.7999077,4344.1,71.9162,bid,1756904112212
1756904112.7999077,4344.2,6.7249,ask,1756904112212
1756904112.7999077,4344.1,51.1313,bid,1756904112363
1756904112.7999077,4344.2,20.2171,ask,1756904112363
1756904113.19153,4344.1,7.8803,bid,1756904112468
1756904113.19153,4344.2,71.896,ask,1756904112468
1756904113.3337147,4344.1,77.202,bid,1756904112834
1756904113.3337147,4344.2,71.896,ask,1756904112834
1756904113.3337147,4344.1,7.8803,bid,1756904112971
1756904113.3337147,4344.2,71.896,ask,1756904112971
1756904113.508979,4344.1,42.3955,bid,1756904113112
1756904113.508979,4344.2,20.0132,ask,1756904113112
1756904113.5342224,4344.1,7.8663,bid,1756904113262
1756904113.5342224,4344.2,20.0132,ask,1756904113262
1756904113.6442847,4344.1,7.3779,bid,1756904113305
1756904113.6442847,4344.2,19.8997,ask,1756904113305
1756904113.696186,4344.1,7.8663,bid,1756904113377
1756904113.696186,4344.2,23.3525,ask,1756904113377
1756904114.168723,4344.1,41.9071,bid,1756904113704
1756904114.168723,4344.2,23.2588,ask,1756904113704
1756904114.168723,4344.1,111.2288,bid,1756904113833
1756904114.168723,4344.2,23.2588,ask,1756904113833
1756904114.193394,4344.1,111.1928,bid,1756904113916
1756904114.193394,4344.2,23.2588,ask,1756904113916
1756904114.2492757,4344.1,111.6812,bid,1756904113983
1756904114.2492757,4344.2,23.2588,ask,1756904113983
1756904114.4215822,4344.1,77.152,bid,1756904114062
1756904114.4215822,4344.2,23.2588,ask,1756904114062
1756904114.6421604,4344.1,77.152,bid,1756904114302
1756904114.6421604,4344.2,75.1353,ask,1756904114302
1756904114.7456815,4344.1,42.3595,bid,1756904114461
1756904114.7456815,4344.2,151.0834,ask,1756904114461
1756904114.8266792,4344.1,42.3595,bid,1756904114513
1756904114.8266792,4344.2,149.4834,ask,1756904114513
1756904115.0413327,4344.1,41.8711,bid,1756904114665
1756904115.0413327,4344.2,149.4834,ask,1756904114665
1756904115.16126,4344.1,111.1928,bid,1756904114803
1756904115.16126,4344.2,149.4834,ask,1756904114803
1756904115.1859455,4344.1,111.6812,bid,1756904114866
1756904115.1859455,4344.2,149.4834,ask,1756904114866
1756904115.3020985,4344.1,7.8303,bid,1756904115005
1756904115.3020985,4344.2,149.4761,ask,1756904115005
1756904115.5779686,4344.1,7.3419,bid,1756904115208
1756904115.5779686,4344.2,380.5389,ask,1756904115208
1756904115.6199138,4344.1,0.018,bid,1756904115273
1756904115.6199138,4344.2,412.4688,ask,1756904115273
1756904115.648425,4344.1,0.018,bid,1756904115324
1756904115.648425,4344.2,441.2961,ask,1756904115324
1756904116.0498428,4344.1,0.018,bid,1756904115674
1756904116.0498428,4344.2,449.4011,ask,1756904115674
1756904116.5236835,4344.1,0.018,bid,1756904116054
1756904116.5236835,4344.2,325.9715,ask,1756904116054
1756904116.5864594,4344.1,0.018,bid,1756904116233
1756904116.5864594,4344.2,320.2112,ask,1756904116233
1756904116.7823324,4344.1,0.018,bid,1756904116476
1756904116.7823324,4344.2,320.3049,ask,1756904116476
1756904116.8818014,4343.9,0.0589,bid,1756904116604
1756904116.8818014,4344.2,326.1854,ask,1756904116604
1756904116.9142814,4343.9,0.0589,bid,1756904116716
1756904116.9142814,4344.0,116.4197,ask,1756904116716
1756904117.0814593,4343.9,0.0589,bid,1756904116776
1756904117.0814593,4344.0,259.0368,ask,1756904116776
1756904117.2679217,4343.9,0.0589,bid,1756904116846
1756904117.2679217,4344.0,682.9524,ask,1756904116846
1756904117.3007345,4343.9,0.0589,bid,1756904116994
1756904117.3007345,4344.0,613.4726,ask,1756904116994
1756904117.3779747,4343.9,0.0589,bid,1756904117051
1756904117.3779747,4344.0,590.4516,ask,1756904117051
1756904117.4853961,4343.9,0.0589,bid,1756904117199
1756904117.4853961,4344.0,591.7565,ask,1756904117199
1756904117.5661175,4343.9,0.0589,bid,1756904117284
1756904117.5661175,4344.0,549.7468,ask,1756904117284
1756904117.969616,4343.9,0.0589,bid,1756904117392
1756904117.969616,4344.0,399.9407,ask,1756904117392
1756904118.5628932,4343.9,0.0589,bid,1756904117474
1756904118.5628932,4344.0,390.3907,ask,1756904117474
1756904118.5628932,4343.9,34.5897,bid,1756904117600
1756904118.5628932,4344.0,399.7552,ask,1756904117600
1756904118.5628932,4343.9,0.0589,bid,1756904117776
1756904118.5628932,4344.0,393.8553,ask,1756904117776
1756904118.5628932,4343.9,0.0589,bid,1756904117887
1756904118.5628932,4344.0,370.238,ask,1756904117887
1756904118.5654123,4343.9,0.0589,bid,1756904117942
1756904118.5654123,4344.0,267.9754,ask,1756904117942
1756904118.5654123,4343.9,0.5418,bid,1756904118094
1756904118.5654123,4344.0,267.9574,ask,1756904118094
1756904118.5654123,4343.9,1.3096,bid,1756904118142
1756904118.5654123,4344.0,273.8211,ask,1756904118142
1756904118.7574914,4343.9,70.6345,bid,1756904118305
1756904118.7574914,4344.0,273.8211,ask,1756904118305
1756904118.7574914,4343.9,105.112,bid,1756904118407
1756904118.7574914,4344.0,267.9574,ask,1756904118407
1756904118.9465356,4343.9,1.2563,bid,1756904118478
1756904118.9465356,4344.0,260.8085,ask,1756904118478
1756904118.9465356,4343.9,0.7678,bid,1756904118535
1756904118.9465356,4344.0,260.8085,ask,1756904118535
1756904119.0058162,4343.9,0.7678,bid,1756904118695
1756904119.0058162,4344.0,260.1247,ask,1756904118695
1756904119.0252533,4343.9,0.9186,bid,1756904118757
1756904119.0252533,4344.0,249.8913,ask,1756904118757
1756904119.0418706,4343.9,1.361,bid,1756904118828
1756904119.0418706,4344.0,236.0795,ask,1756904118828
1756904119.1805162,4343.9,105.2167,bid,1756904118850
1756904119.1805162,4344.0,232.5165,ask,1756904118850
1756904119.2631097,4343.9,115.0167,bid,1756904118910
1756904119.2631097,4344.0,221.0096,ask,1756904118910
1756904119.4025085,4343.9,83.7946,bid,1756904119029
1756904119.4025085,4344.0,74.1373,ask,1756904119029
1756904119.5143535,4343.9,42.57,bid,1756904119078
1756904119.5143535,4344.0,12.4601,ask,1756904119078
1756904119.5715146,4343.9,213.1078,bid,1756904119140
1756904119.5715146,4344.0,12.3466,ask,1756904119140
1756904119.6732447,4343.9,233.2686,bid,1756904119220
1756904119.6732447,4344.0,0.0937,ask,1756904119220
1756904119.719345,4343.9,263.7447,bid,1756904119360
1756904119.719345,4344.0,0.0937,ask,1756904119360
1756904119.863947,4343.9,222.3831,bid,1756904119502
1756904119.863947,4344.0,0.0937,ask,1756904119502
1756904120.1602063,4343.9,222.3921,bid,1756904119747
1756904120.1602063,4344.0,0.0937,ask,1756904119747
1756904120.193024,4343.9,298.8276,bid,1756904119851
1756904120.193024,4344.0,0.0937,ask,1756904119851
1756904120.3106716,4343.9,374.7794,bid,1756904119906
1756904120.3106716,4344.0,0.0937,ask,1756904119906
1756904120.5561264,4343.9,374.6665,bid,1756904120027
1756904120.5561264,4344.0,0.0937,ask,1756904120027
1756904120.652321,4343.9,395.9775,bid,1756904120244
1756904120.652321,4344.0,0.0937,ask,1756904120244
1756904120.963317,4343.9,492.6454,bid,1756904120531
1756904120.963317,4344.6,22.9415,ask,1756904120531
1756904121.0394754,4344.5,74.2344,bid,1756904120659
1756904121.0394754,4344.6,22.9415,ask,1756904120659
1756904121.1444838,4344.5,137.3992,bid,1756904120853
1756904121.1444838,4344.6,22.9415,ask,1756904120853
1756904121.3059072,4344.5,304.1075,bid,1756904120928
1756904121.3059072,4344.6,22.9415,ask,1756904120928
1756904121.354593,4344.5,296.7543,bid,1756904120995
1756904121.354593,4344.6,22.9415,ask,1756904120995
1756904121.4591682,4344.5,316.7457,bid,1756904121074
1756904121.4591682,4344.6,22.9415,ask,1756904121074
1756904121.625532,4344.5,332.2986,bid,1756904121206
1756904121.625532,4344.6,22.9415,ask,1756904121206
1756904121.6408198,4344.5,327.2091,bid,1756904121326
1756904121.6408198,4344.6,22.9415,ask,1756904121326
1756904121.644087,4344.5,346.1878,bid,1756904121354
1756904121.644087,4344.9,0.4603,ask,1756904121354
1756904121.8513253,4344.8,126.5779,bid,1756904121465
1756904121.8513253,4344.9,1.3021,ask,1756904121465
1756904121.9212096,4344.8,225.8832,bid,1756904121555
1756904121.9212096,4344.9,1.1886,ask,1756904121555
1756904122.0756407,4344.8,251.4475,bid,1756904121626
1756904122.0756407,4344.9,2.7623,ask,1756904121626
1756904122.0761867,4344.8,323.1728,bid,1756904121675
1756904122.0761867,4344.9,2.0305,ask,1756904121675
1756904122.103805,4344.8,316.5845,bid,1756904121799
1756904122.103805,4344.9,3.8436,ask,1756904121799
1756904122.1347873,4344.8,309.1107,bid,1756904121852
1756904122.1347873,4344.9,3.8436,ask,1756904121852
1756904122.1885574,4344.8,253.9092,bid,1756904121933
1756904122.1885574,4344.9,16.1364,ask,1756904121933
1756904122.3190632,4344.8,210.0126,bid,1756904121992
1756904122.3190632,4344.9,16.1364,ask,1756904121992
1756904122.3750312,4344.8,216.7092,bid,1756904122049
1756904122.3750312,4344.9,14.4527,ask,1756904122049
1756904122.4645865,4344.8,232.0092,bid,1756904122148
1756904122.4645865,4344.9,12.6396,ask,1756904122148
1756904122.6180744,4344.8,187.395,bid,1756904122264
1756904122.6180744,4344.9,11.8514,ask,1756904122264
1756904122.6180744,4344.8,184.9552,bid,1756904122316
1756904122.6180744,4344.9,11.8364,ask,1756904122316
1756904122.6730235,4344.8,170.5769,bid,1756904122317
1756904122.6730235,4344.9,11.8364,ask,1756904122317
1756904122.9371266,4344.8,159.7571,bid,1756904122471
1756904122.9371266,4344.9,11.8364,ask,1756904122471
1756904123.3584495,4344.8,165.5634,bid,1756904122653
1756904123.3584495,4344.9,0.3318,ask,1756904122653
1756904123.3594997,4344.8,167.3552,bid,1756904122844
1756904123.3594997,4344.9,0.3318,ask,1756904122844
1756904123.5201898,4344.8,167.3495,bid,1756904123049
1756904123.5201898,4344.9,0.3318,ask,1756904123049
1756904123.7817318,4344.8,169.9052,bid,1756904123394
1756904123.7817318,4344.9,0.3318,ask,1756904123394
1756904123.806644,4344.8,164.0989,bid,1756904123451
1756904123.806644,4344.9,0.3318,ask,1756904123451
1756904123.8961668,4344.8,163.8448,bid,1756904123570
1756904123.8961668,4344.9,0.3318,ask,1756904123570
1756904123.9258862,4344.8,163.7348,bid,1756904123647
1756904123.9258862,4344.9,0.3318,ask,1756904123647
1756904124.2012482,4344.8,163.8403,bid,1756904123786
1756904124.2012482,4344.9,0.3318,ask,1756904123786
1756904124.4072332,4344.8,163.9503,bid,1756904123847
1756904124.4072332,4344.9,0.3318,ask,1756904123847
1756904124.407747,4344.8,169.7309,bid,1756904123948
1756904124.407747,4344.9,0.3204,ask,1756904123948
1756904124.407747,4344.8,221.1036,bid,1756904123999
1756904124.407747,4344.9,0.3204,ask,1756904123999
1756904124.6389313,4344.8,221.1034,bid,1756904124216
1756904124.6389313,4344.9,0.3204,ask,1756904124216
1756904124.7683387,4344.8,221.1033,bid,1756904124352
1756904124.7683387,4344.9,0.3204,ask,1756904124352
1756904124.8306103,4344.8,224.5557,bid,1756904124431
1756904124.8306103,4344.9,0.3204,ask,1756904124431
1756904124.9436798,4344.8,224.9035,bid,1756904124624
1756904124.9436798,4344.9,0.3204,ask,1756904124624
1756904125.4910483,4344.8,224.9035,bid,1756904125024
1756904125.4910483,4345.2,2.4923,ask,1756904125024
1756904125.5280962,4345.1,57.6373,bid,1756904125135
1756904125.5280962,4345.2,2.4923,ask,1756904125135
1756904125.5888276,4345.1,165.25,bid,1756904125226
1756904125.5888276,4345.2,2.4923,ask,1756904125226
1756904125.6396818,4345.1,191.8163,bid,1756904125338
1756904125.6396818,4345.2,2.4923,ask,1756904125338
1756904125.7623644,4345.1,349.5311,bid,1756904125426
1756904125.7623644,4345.2,2.3788,ask,1756904125426
1756904125.857167,4345.1,336.7138,bid,1756904125491
1756904125.857167,4345.2,9.5379,ask,1756904125491
1756904125.9381535,4345.1,329.6175,bid,1756904125620
1756904125.9381535,4345.2,2.3788,ask,1756904125620
1756904126.0202298,4345.1,245.6988,bid,1756904125729
1756904126.0202298,4345.2,2.3788,ask,1756904125729
1756904126.0773277,4345.1,231.5189,bid,1756904125798
1756904126.0773277,4345.2,2.3788,ask,1756904125798
1756904126.1608956,4345.1,206.9831,bid,1756904125856
1756904126.1608956,4345.2,2.3788,ask,1756904125856
1756904126.747453,4345.1,210.1331,bid,1756904126124
1756904126.747453,4345.2,2.3788,ask,1756904126124
1756904128.693647,4345.1,196.6685,bid,1756904126661
1756904128.693647,4345.2,2.3788,ask,1756904126661
1756904128.6991887,4345.1,185.7364,bid,1756904126851
1756904128.6991887,4345.2,3.1758,ask,1756904126851
1756904128.7063515,4345.1,181.1805,bid,1756904127045
1756904128.7063515,4345.2,2.373,ask,1756904127045
1756904129.059978,4345.1,183.4819,bid,1756904127291
1756904129.059978,4345.2,2.373,ask,1756904127291
1756904129.059978,4345.1,177.6603,bid,1756904127443
1756904129.059978,4345.2,1.373,ask,1756904127443
1756904129.062487,4345.1,173.0329,bid,1756904127871
1756904129.062487,4345.2,1.373,ask,1756904127871
1756904129.4779048,4345.1,43.2926,bid,1756904127948
1756904129.4779048,4345.2,32.0912,ask,1756904127948
1756904129.47893,4345.1,21.599,bid,1756904128171
1756904129.47893,4345.2,72.4045,ask,1756904128171
1756904129.4800036,4345.1,10.1868,bid,1756904128276
1756904129.4800036,4345.2,296.7651,ask,1756904128276
1756904129.4800036,4345.1,9.6772,bid,1756904128340
1756904129.4800036,4345.2,296.7651,ask,1756904128340
1756904129.4800036,4345.1,7.3758,bid,1756904128450
1756904129.4800036,4345.2,307.128,ask,1756904128450
1756904129.4805264,4345.1,0.0937,bid,1756904128513
1756904129.4805264,4345.2,358.772,ask,1756904128513
1756904129.4805264,4345.1,0.0937,bid,1756904128645
1756904129.4805264,4345.2,372.992,ask,1756904128645
1756904129.6823094,4344.2,57.9766,bid,1756904128879
1756904129.6823094,4345.2,233.6247,ask,1756904128879
1756904129.6828318,4344.2,116.1378,bid,1756904129085
1756904129.6828318,4344.3,53.0224,ask,1756904129085
1756904129.789822,4344.2,54.435,bid,1756904129149
1756904129.789822,4344.3,76.0499,ask,1756904129149
1756904129.7903707,4344.1,1.3107,bid,1756904129288
1756904129.7903707,4344.3,104.5343,ask,1756904129288
1756904130.032722,4344.1,0.6684,bid,1756904129420
1756904130.032722,4344.2,95.4186,ask,1756904129420
1756904130.032722,4344.1,0.6684,bid,1756904129539
1756904130.032722,4344.2,121.1715,ask,1756904129539
1756904130.032722,4344.1,38.6319,bid,1756904129668
1756904130.032722,4344.2,228.43,ask,1756904129668
1756904130.1403534,4344.1,60.3739,bid,1756904129732
1756904130.1403534,4344.2,273.709,ask,1756904129732
1756904130.2574687,4344.1,22.4104,bid,1756904129832
1756904130.2574687,4344.2,358.2225,ask,1756904129832
1756904130.442429,4344.1,16.8002,bid,1756904129889
1756904130.442429,4344.2,488.4508,ask,1756904129889
1756904130.442932,4344.0,0.1434,bid,1756904130022
1756904130.442932,4344.2,513.1553,ask,1756904130022
1756904130.5008814,4344.0,0.1784,bid,1756904130089
1756904130.5008814,4344.1,373.4314,ask,1756904130089
1756904130.576771,4344.0,0.1784,bid,1756904130264
1756904130.576771,4344.1,640.3629,ask,1756904130264
1756904130.8027544,4344.0,33.1994,bid,1756904130384
1756904130.8027544,4344.1,942.2301,ask,1756904130384
1756904130.8033068,4344.0,102.5227,bid,1756904130480
1756904130.8033068,4344.1,1371.383,ask,1756904130480
1756904130.8502226,4344.0,102.5227,bid,1756904130536
1756904130.8502226,4344.1,1373.312,ask,1756904130536
1756904130.9213283,4344.0,100.2207,bid,1756904130593
1756904130.9213283,4344.1,1476.4235,ask,1756904130593
1756904131.0378795,4344.0,0.1784,bid,1756904130736
1756904131.0378795,4344.1,1269.2623,ask,1756904130736
1756904131.2746296,4344.0,0.1784,bid,1756904130938
1756904131.2746296,4344.1,943.4034,ask,1756904130938
1756904131.4836078,4344.0,0.1784,bid,1756904131051
1756904131.4836078,4344.1,668.8982,ask,1756904131051
1756904131.5176544,4344.0,0.1784,bid,1756904131209
1756904131.5176544,4344.1,498.3778,ask,1756904131209
1756904131.5814672,4344.0,0.1784,bid,1756904131301
1756904131.5814672,4344.1,493.6596,ask,1756904131301
1756904131.7058089,4344.0,0.1224,bid,1756904131354
1756904131.7058089,4344.1,498.4925,ask,1756904131354
1756904131.7886438,4344.0,0.1224,bid,1756904131415
1756904131.7886438,4344.1,480.249,ask,1756904131415
1756904131.9944105,4344.0,0.035,bid,1756904131703
1756904131.9944105,4344.1,480.249,ask,1756904131703
1756904132.0862305,4344.0,0.035,bid,1756904131776
1756904132.0862305,4344.1,483.0112,ask,1756904131776
1756904132.3021445,4344.0,0.035,bid,1756904131979
1756904132.3021445,4344.1,465.7465,ask,1756904131979
1756904132.4395545,4344.0,0.035,bid,1756904132053
1756904132.4395545,4344.1,590.0297,ask,1756904132053
1756904132.5994008,4344.0,0.035,bid,1756904132287
1756904132.5994008,4344.1,596.8466,ask,1756904132287
1756904132.6695921,4344.0,0.035,bid,1756904132374
1756904132.6695921,4344.1,579.5819,ask,1756904132374
1756904133.2074473,4344.0,0.035,bid,1756904132611
1756904133.2074473,4344.1,547.3544,ask,1756904132611
1756904133.4863594,4343.7,0.9188,bid,1756904132911
1756904133.4863594,4344.1,547.3544,ask,1756904132911
1756904133.4863594,4343.7,0.9188,bid,1756904132964
1756904133.4863594,4343.8,202.0055,ask,1756904132964
1756904133.486891,4343.7,0.9188,bid,1756904133029
1756904133.486891,4343.8,396.5865,ask,1756904133029
1756904133.7262583,4343.4,9.7209,bid,1756904133216
1756904133.7262583,4343.5,9.8865,ask,1756904133216
1756904133.7861578,4343.4,6.2674,bid,1756904133333
1756904133.7861578,4343.5,31.8016,ask,1756904133333
1756904133.7861578,4343.4,6.2674,bid,1756904133392
1756904133.7861578,4343.5,109.3586,ask,1756904133392
1756904133.903664,4343.4,7.8808,bid,1756904133509
1756904133.903664,4343.5,129.0569,ask,1756904133509
1756904133.9856524,4343.4,7.0948,bid,1756904133573
1756904133.9856524,4343.5,176.0937,ask,1756904133573
1756904134.0043674,4343.4,59.0043,bid,1756904133636
1756904134.0043674,4343.5,187.4787,ask,1756904133636
1756904134.1031888,4343.4,66.2881,bid,1756904133773
1756904134.1031888,4343.5,167.9988,ask,1756904133773
1756904134.143563,4343.4,108.3741,bid,1756904133824
1756904134.143563,4343.5,147.9988,ask,1756904133824
1756904134.4417706,4343.4,112.9787,bid,1756904134066
1756904134.4417706,4343.5,87.8386,ask,1756904134066
1756904134.564026,4343.4,114.69,bid,1756904134194
1756904134.564026,4343.5,68.9435,ask,1756904134194
1756904134.861311,4343.4,126.1959,bid,1756904134521
1756904134.861311,4343.5,68.9435,ask,1756904134521
1756904134.868472,4343.4,126.6383,bid,1756904134595
1756904134.868472,4343.5,68.9435,ask,1756904134595
1756904134.885025,4343.4,130.1592,bid,1756904134646
1756904134.885025,4343.5,68.9435,ask,1756904134646
1756904135.649585,4343.4,130.1872,bid,1756904135228
1756904135.649585,4343.5,68.9435,ask,1756904135228
1756904135.85526,4343.4,130.6757,bid,1756904135343
1756904135.85526,4343.5,68.9435,ask,1756904135343
1756904135.85526,4343.4,130.6757,bid,1756904135527
1756904135.85526,4343.5,72.3969,ask,1756904135527
1756904136.0278366,4343.4,130.6757,bid,1756904135728
1756904136.0278366,4343.5,72.2834,ask,1756904135728
1756904136.2585998,4343.4,131.5899,bid,1756904135861
1756904136.2585998,4343.5,68.83,ask,1756904135861
1756904136.3784618,4343.4,131.1014,bid,1756904136048
1756904136.3784618,4343.5,68.83,ask,1756904136048
1756904136.522054,4343.4,131.1014,bid,1756904136252
1756904136.522054,4343.5,68.94,ask,1756904136252
1756904136.861355,4343.4,131.1014,bid,1756904136453
1756904136.861355,4343.5,68.83,ask,1756904136453
1756904136.8752308,4343.4,131.5899,bid,1756904136534
1756904136.8752308,4343.5,68.83,ask,1756904136534
1756904136.9900725,4343.4,131.5819,bid,1756904136624
1756904136.9900725,4343.5,72.2834,ask,1756904136624
1756904136.9900725,4343.4,131.5819,bid,1756904136694
1756904136.9900725,4343.5,72.3771,ask,1756904136694
1756904137.0207407,4343.4,131.0934,bid,1756904136795
1756904137.0207407,4343.5,72.3771,ask,1756904136795
1756904137.319567,4343.4,131.5819,bid,1756904136996
1756904137.319567,4343.5,72.3771,ask,1756904136996
1756904138.4543598,4343.4,131.5819,bid,1756904137768
1756904138.4543598,4343.5,72.2834,ask,1756904137768
1756904138.4548728,4343.4,43.8776,bid,1756904138020
1756904138.4548728,4343.5,72.2834,ask,1756904138020
1756904138.5588667,4343.4,43.3891,bid,1756904138133
1756904138.5588667,4343.5,72.2834,ask,1756904138133
1756904138.6025195,4343.4,42.9006,bid,1756904138202
1756904138.6025195,4343.5,73.0862,ask,1756904138202
1756904138.6138868,4343.4,43.3891,bid,1756904138314
1756904138.6138868,4343.5,73.0862,ask,1756904138314
1756904138.6687615,4343.4,147.2568,bid,1756904138411
1756904138.6687615,4343.5,73.0862,ask,1756904138411
1756904138.8581562,4343.4,153.0166,bid,1756904138548
1756904138.8581562,4343.5,66.1295,ask,1756904138548
1756904139.0013094,4343.4,166.2751,bid,1756904138681
1756904139.0013094,4343.5,61.953,ask,1756904138681
1756904139.1484423,4343.4,166.2751,bid,1756904138749
1756904139.1484423,4343.5,63.7667,ask,1756904138749
1756904139.549853,4343.4,166.1998,bid,1756904139069
1756904139.549853,4343.5,61.9504,ask,1756904139069
1756904139.646015,4343.4,166.1998,bid,1756904139228
1756904139.646015,4343.5,61.8369,ask,1756904139228
1756904139.7481892,4343.4,166.1998,bid,1756904139443
1756904139.7481892,4343.5,63.6506,ask,1756904139443
1756904139.8909426,4343.4,150.0415,bid,1756904139534
1756904139.8909426,4343.5,63.6506,ask,1756904139534
1756904140.40609,4343.4,39.1623,bid,1756904140032
1756904140.40609,4343.5,74.2662,ask,1756904140032
1756904140.6738946,4343.4,35.8138,bid,1756904140173
1756904140.6738946,4343.5,74.2662,ask,1756904140173
1756904140.6738946,4343.4,19.847,bid,1756904140225
1756904140.6738946,4343.5,146.0926,ask,1756904140225
1756904140.8356063,4343.4,19.7319,bid,1756904140460
1756904140.8356063,4343.5,286.3201,ask,1756904140460
1756904140.8491805,4343.4,8.3197,bid,1756904140506
1756904140.8491805,4343.5,286.3201,ask,1756904140506
1756904140.9017422,4343.4,8.3197,bid,1756904140640
1756904140.9017422,4343.5,170.074,ask,1756904140640
1756904141.1875653,4343.4,8.3197,bid,1756904140776
1756904141.1875653,4343.5,154.6557,ask,1756904140776
1756904141.2213833,4343.4,8.3197,bid,1756904140822
1756904141.2213833,4343.5,282.5182,ask,1756904140822
1756904141.3646617,4343.4,0.1217,bid,1756904141064
1756904141.3646617,4343.5,411.7775,ask,1756904141064
1756904141.6920428,4343.4,0.1136,bid,1756904141305
1756904141.6920428,4343.5,415.5775,ask,1756904141305
1756904141.9157133,4343.4,0.1136,bid,1756904141392
1756904141.9157133,4343.5,655.452,ask,1756904141392
1756904141.9683816,4342.4,28.1239,bid,1756904141476
1756904141.9683816,4343.5,711.8968,ask,1756904141476
1756904141.994497,4342.3,6.4988,bid,1756904141588
1756904141.994497,4342.5,100.1551,ask,1756904141588
1756904142.0416636,4342.3,0.4605,bid,1756904141710
1756904142.0416636,4342.4,20.8663,ask,1756904141710
1756904142.1807337,4342.3,0.4605,bid,1756904141855
1756904142.1807337,4342.4,37.6638,ask,1756904141855
1756904142.4494975,4342.3,0.4605,bid,1756904141991
1756904142.4494975,4342.4,147.9504,ask,1756904141991
1756904142.5005934,4342.3,16.9553,bid,1756904142071
1756904142.5005934,4342.4,267.4866,ask,1756904142071
1756904142.580256,4342.3,18.5175,bid,1756904142120
1756904142.580256,4342.4,267.3601,ask,1756904142120
1756904142.6319964,4342.3,18.5175,bid,1756904142246
1756904142.6319964,4342.4,253.3601,ask,1756904142246
1756904142.9288142,4342.3,23.5658,bid,1756904142458
1756904142.9288142,4342.4,182.7478,ask,1756904142458
1756904142.9696817,4342.3,92.9162,bid,1756904142557
1756904142.9696817,4342.4,168.6355,ask,1756904142557
1756904143.1464872,4342.3,121.9689,bid,1756904142662
1756904143.1464872,4342.4,158.413,ask,1756904142662
1756904144.0522814,4342.3,18.075,bid,1756904142911
1756904144.0522814,4342.4,153.805,ask,1756904142911
1756904144.0522814,4342.3,18.5636,bid,1756904142988
1756904144.0522814,4342.4,153.6969,ask,1756904142988
1756904144.0522814,4342.3,30.0695,bid,1756904143163
1756904144.0522814,4342.4,148.0361,ask,1756904143163
1756904144.0522814,4342.3,30.6681,bid,1756904143229
1756904144.0522814,4342.4,133.0569,ask,1756904143229
1756904144.0522814,4342.3,31.1106,bid,1756904143355
1756904144.0522814,4342.4,132.3819,ask,1756904143355
1756904144.0522814,4342.3,70.2599,bid,1756904143403
1756904144.0522814,4342.4,130.5678,ask,1756904143403
1756904144.0522814,4342.3,139.1217,bid,1756904143481
1756904144.0522814,4342.4,132.3819,ask,1756904143481
1756904144.297569,4342.3,34.7392,bid,1756904143582
1756904144.297569,4342.4,132.9698,ask,1756904143582
1756904144.297569,4342.3,34.7392,bid,1756904143784
1756904144.297569,4342.4,132.3819,ask,1756904143784
1756904144.297569,4342.3,38.6821,bid,1756904143845
1756904144.297569,4342.4,132.3819,ask,1756904143845
1756904144.2980757,4342.3,38.6821,bid,1756904143928
1756904144.2980757,4342.4,98.1994,ask,1756904143928
1756904144.3178391,4342.3,108.0325,bid,1756904143980
1756904144.3178391,4342.4,89.9234,ask,1756904143980
1756904144.3843818,4342.3,108.0325,bid,1756904144039
1756904144.3843818,4342.4,85.9096,ask,1756904144039
1756904144.5489101,4342.3,142.576,bid,1756904144163
1756904144.5489101,4342.4,85.9096,ask,1756904144163
1756904144.5494208,4342.3,38.6821,bid,1756904144192
1756904144.5494208,4342.4,86.5037,ask,1756904144192
1756904144.6719286,4342.3,38.0835,bid,1756904144396
1756904144.6719286,4342.4,86.5037,ask,1756904144396
1756904144.757028,4342.3,35.5434,bid,1756904144445
1756904144.757028,4342.4,87.3065,ask,1756904144445
1756904144.8546104,4342.3,35.5434,bid,1756904144521
1756904144.8546104,4342.4,97.1065,ask,1756904144521
1756904144.9423516,4342.3,34.3481,bid,1756904144604
1756904144.9423516,4342.4,126.4029,ask,1756904144604
1756904145.1357536,4342.3,8.1993,bid,1756904144738
1756904145.1357536,4342.4,129.1862,ask,1756904144738
1756904145.1676452,4342.3,8.1993,bid,1756904144853
1756904145.1676452,4342.4,132.9862,ask,1756904144853
1756904145.3849316,4342.3,13.0436,bid,1756904145001
1756904145.3849316,4342.4,128.0967,ask,1756904145001
1756904145.5520923,4342.3,13.0436,bid,1756904145088
1756904145.5520923,4342.4,127.8556,ask,1756904145088
1756904145.5520923,4342.3,9.3785,bid,1756904145186
1756904145.5520923,4342.4,127.8556,ask,1756904145186
1756904145.7337978,4342.3,9.3785,bid,1756904145290
1756904145.7337978,4342.4,127.5284,ask,1756904145290
1756904145.9232445,4342.3,9.4722,bid,1756904145539
1756904145.9232445,4342.4,127.4184,ask,1756904145539
1756904146.1396637,4342.3,8.6448,bid,1756904145694
1756904146.1396637,4342.4,127.4184,ask,1756904145694
1756904146.1769285,4342.3,8.6448,bid,1756904145765
1756904146.1769285,4342.4,127.3049,ask,1756904145765
1756904146.2939434,4342.3,8.5701,bid,1756904145957
1756904146.2939434,4342.4,127.3049,ask,1756904145957
1756904146.4137046,4342.3,8.5701,bid,1756904146037
1756904146.4137046,4342.4,126.9642,ask,1756904146037
1756904146.538791,4342.3,8.5701,bid,1756904146119
1756904146.538791,4342.4,178.7683,ask,1756904146119
1756904146.5601048,4342.3,8.5615,bid,1756904146191
1756904146.5601048,4342.4,178.7683,ask,1756904146191
1756904146.7104738,4342.3,14.3528,bid,1756904146404
1756904146.7104738,4342.4,178.7683,ask,1756904146404
1756904147.195484,4342.3,8.5615,bid,1756904146726
1756904147.195484,4342.4,178.7683,ask,1756904146726
1756904147.2004611,4342.3,8.4678,bid,1756904146779
1756904147.2004611,4342.4,78.7683,ask,1756904146779
1756904147.2956247,4342.3,8.4678,bid,1756904146984
1756904147.2956247,4342.4,154.8577,ask,1756904146984
1756904147.3343267,4342.3,8.4678,bid,1756904147054
1756904147.3343267,4342.4,154.8411,ask,1756904147054
1756904147.4845293,4342.3,7.2018,bid,1756904147124
1756904147.4845293,4342.4,86.8793,ask,1756904147124
1756904147.5167117,4342.3,7.2018,bid,1756904147185
1756904147.5167117,4342.4,35.0752,ask,1756904147185
1756904147.6590812,4342.3,7.2018,bid,1756904147319
1756904147.6590812,4342.4,39.6813,ask,1756904147319
1756904147.7035062,4342.3,8.4647,bid,1756904147402
1756904147.7035062,4342.4,39.6813,ask,1756904147402
1756904147.8321393,4342.3,8.4647,bid,1756904147530
1756904147.8321393,4342.4,40.3741,ask,1756904147530
1756904147.8703902,4342.3,8.4717,bid,1756904147588
1756904147.8703902,4342.4,40.3741,ask,1756904147588
1756904148.1159081,4342.3,100.8231,bid,1756904147737
1756904148.1159081,4342.4,30.5741,ask,1756904147737
1756904148.7350767,4342.3,101.6505,bid,1756904147858
1756904148.7350767,4342.4,30.6678,ask,1756904147858
1756904148.736109,4342.3,8.0294,bid,1756904148024
1756904148.736109,4342.4,190.254,ask,1756904148024
1756904148.736109,4342.3,8.0294,bid,1756904148313
1756904148.736109,4342.4,191.5321,ask,1756904148313
1756904148.9542003,4342.3,0.007,bid,1756904148381
1756904148.9542003,4342.4,219.579,ask,1756904148381
1756904148.9542003,4342.3,0.007,bid,1756904148461
1756904148.9542003,4342.4,219.4587,ask,1756904148461
1756904148.9542003,4342.3,0.007,bid,1756904148530
1756904148.9542003,4342.4,223.8082,ask,1756904148530
1756904149.123906,4342.3,0.007,bid,1756904148758
1756904149.123906,4342.4,324.1477,ask,1756904148758
1756904149.1742651,4342.2,31.5262,bid,1756904148759
1756904149.1742651,4342.4,324.1477,ask,1756904148759
1756904149.2911975,4342.2,31.5262,bid,1756904148929
1756904149.2911975,4342.3,693.1718,ask,1756904148929
1756904149.4361122,4342.2,31.5234,bid,1756904149097
1756904149.4361122,4342.3,1482.4204,ask,1756904149097
1756904149.5972264,4342.2,31.5234,bid,1756904149148
1756904149.5972264,4342.3,1524.7628,ask,1756904149148
1756904149.644312,4342.2,31.5234,bid,1756904149305
1756904149.644312,4342.3,1491.7842,ask,1756904149305
1756904149.6701999,4342.2,31.5234,bid,1756904149391
1756904149.6701999,4342.3,1433.1327,ask,1756904149391
1756904149.92982,4342.2,31.5234,bid,1756904149443
1756904149.92982,4342.3,1410.9617,ask,1756904149443
1756904149.9604385,4342.2,31.5234,bid,1756904149509
1756904149.9604385,4342.3,1401.7501,ask,1756904149509
1756904150.0689971,4342.2,31.5234,bid,1756904149670
1756904150.0689971,4342.3,1031.7418,ask,1756904149670
1756904150.121809,4342.2,31.5234,bid,1756904149728
1756904150.121809,4342.3,840.47,ask,1756904149728
1756904150.2315323,4342.2,31.5234,bid,1756904149850
1756904150.2315323,4342.3,565.3611,ask,1756904149850
1756904150.2702181,4342.2,31.5234,bid,1756904149936
1756904150.2702181,4342.3,522.109,ask,1756904149936
1756904150.524234,4342.2,31.4104,bid,1756904150030
1756904150.524234,4342.3,528.4953,ask,1756904150030
1756904150.675648,4342.2,31.4104,bid,1756904150205
1756904150.675648,4342.3,563.1214,ask,1756904150205
1756904150.7996035,4342.2,31.4104,bid,1756904150347
1756904150.7996035,4342.3,566.5757,ask,1756904150347
1756904150.8001368,4342.2,31.4104,bid,1756904150406
1756904150.8001368,4342.3,567.0362,ask,1756904150406
1756904150.9006736,4342.2,31.4104,bid,1756904150531
1756904150.9006736,4342.3,589.8344,ask,1756904150531
1756904151.0924892,4342.2,31.4104,bid,1756904150688
1756904151.0924892,4342.3,596.7431,ask,1756904150688
1756904151.4221709,4342.2,30.6982,bid,1756904151005
1756904151.4221709,4342.3,596.7431,ask,1756904151005
1756904151.6667514,4342.2,30.6982,bid,1756904151090
1756904151.6667514,4342.3,472.4108,ask,1756904151090
1756904151.668299,4342.2,30.6982,bid,1756904151203
1756904151.668299,4342.3,478.2039,ask,1756904151203
1756904151.8610017,4342.2,30.6982,bid,1756904151360
1756904151.8610017,4342.3,512.2928,ask,1756904151360
1756904151.8610017,4342.2,30.6982,bid,1756904151466
1756904151.8610017,4342.3,630.8311,ask,1756904151466
1756904152.022083,4342.2,30.6982,bid,1756904151677
1756904152.022083,4342.3,630.9462,ask,1756904151677
1756904152.1601012,4342.2,30.6982,bid,1756904151838
1756904152.1601012,4342.3,631.0399,ask,1756904151838
1756904152.3308132,4342.2,30.6982,bid,1756904152034
1756904152.3308132,4342.3,518.362,ask,1756904152034
1756904152.3796587,4342.2,30.6982,bid,1756904152097
1756904152.3796587,4342.3,452.3328,ask,1756904152097
1756904152.573784,4342.2,30.6982,bid,1756904152225
1756904152.573784,4342.3,423.1057,ask,1756904152225
1756904152.8512874,4342.2,30.6982,bid,1756904152299
1756904152.8512874,4342.3,403.2866,ask,1756904152299
1756904152.8512874,4342.2,33.0011,bid,1756904152433
1756904152.8512874,4342.3,404.7083,ask,1756904152433
1756904152.8915083,4342.2,33.0011,bid,1756904152565
1756904152.8915083,4342.3,384.2124,ask,1756904152565
1756904152.9076643,4342.2,35.3012,bid,1756904152644
1756904152.9076643,4342.3,384.2124,ask,1756904152644
1756904152.9596858,4342.2,35.3012,bid,1756904152701
1756904152.9596858,4342.3,384.1624,ask,1756904152701
1756904153.2141497,4342.2,35.3012,bid,1756904152757
1756904153.2141497,4342.3,390.2628,ask,1756904152757
1756904153.6231713,4342.2,32.9983,bid,1756904152827
1756904153.6231713,4342.3,388.0112,ask,1756904152827
1756904153.6231713,4342.2,32.9983,bid,1756904152967
1756904153.6231713,4342.3,397.2485,ask,1756904152967
1756904153.6236887,4342.2,32.9926,bid,1756904153129
1756904153.6236887,4342.3,397.2485,ask,1756904153129
1756904153.6236887,4342.2,32.9926,bid,1756904153181
1756904153.6236887,4342.3,391.4616,ask,1756904153181
1756904154.1461372,4342.2,32.9926,bid,1756904153341
1756904154.1461372,4342.3,148.3783,ask,1756904153341
1756904154.1508229,4342.2,76.0424,bid,1756904153470
1756904154.1508229,4342.3,105.351,ask,1756904153470
1756904154.1513367,4342.2,115.6355,bid,1756904153538
1756904154.1513367,4342.3,33.1534,ask,1756904153538
1756904154.1513367,4342.2,170.9366,bid,1756904153617
1756904154.1513367,4342.3,20.7602,ask,1756904153617
1756904154.1513367,4342.2,170.9366,bid,1756904153698
1756904154.1513367,4342.3,148.6551,ask,1756904153698
1756904154.1528902,4342.2,76.1284,bid,1756904153768
1756904154.1528902,4342.3,144.0495,ask,1756904153768
1756904154.3904996,4342.2,76.1284,bid,1756904153831
1756904154.3904996,4342.3,144.3768,ask,1756904153831
1756904154.3946629,4342.2,75.301,bid,1756904153897
1756904154.3946629,4342.3,141.0067,ask,1756904153897
1756904154.3946629,4342.2,44.9531,bid,1756904153988
1756904154.3946629,4342.3,145.4761,ask,1756904153988
1756904154.5569272,4342.2,44.9531,bid,1756904154095
1756904154.5569272,4342.3,69.4961,ask,1756904154095
1756904154.6062374,4342.2,84.5114,bid,1756904154180
1756904154.6062374,4342.3,69.5898,ask,1756904154180
1756904154.6067536,4342.2,86.8143,bid,1756904154281
1756904154.6067536,4342.3,69.5898,ask,1756904154281
1756904154.6889327,4342.2,81.8003,bid,1756904154400
1756904154.6889327,4342.3,69.5898,ask,1756904154400
1756904154.989989,4342.2,44.9531,bid,1756904154584
1756904154.989989,4342.3,69.3663,ask,1756904154584
1756904154.989989,4342.2,106.9917,bid,1756904154667
1756904154.989989,4342.3,17.2342,ask,1756904154667
1756904155.0451744,4342.2,117.6191,bid,1756904154734
1756904155.0451744,4342.3,69.0387,ask,1756904154734
1756904155.1559541,4342.2,128.476,bid,1756904154842
1756904155.1559541,4342.3,5.2028,ask,1756904154842
1756904155.2643406,4342.2,119.7301,bid,1756904154901
1756904155.2643406,4342.3,4.0275,ask,1756904154901
1756904155.4649668,4342.2,119.7301,bid,1756904155004
1756904155.4649668,4342.3,2.987,ask,1756904155004
1756904155.4649668,4342.2,154.2744,bid,1756904155073
1756904155.4649668,4342.3,2.987,ask,1756904155073
1756904155.4888134,4342.2,154.2744,bid,1756904155158
1756904155.4888134,4342.3,2.8933,ask,1756904155158
1756904155.5816522,4342.2,154.388,bid,1756904155317
1756904155.5816522,4342.3,2.8933,ask,1756904155317
1756904156.1953669,4342.2,154.388,bid,1756904155858
1756904156.1953669,4342.3,2.5661,ask,1756904155858
1756904156.3080103,4342.2,154.388,bid,1756904155920
1756904156.3080103,4342.3,2.6598,ask,1756904155920
1756904156.359878,4342.2,95.2281,bid,1756904155991
1756904156.359878,4342.3,2.6598,ask,1756904155991
1756904156.417578,4342.2,53.8108,bid,1756904156057
1756904156.417578,4342.3,2.5498,ask,1756904156057
1756904156.4376373,4342.2,54.1222,bid,1756904156122
1756904156.4376373,4342.3,4.8957,ask,1756904156122
1756904156.5613577,4342.2,63.9222,bid,1756904156286
1756904156.5613577,4342.3,4.0449,ask,1756904156286
1756904156.6803758,4342.2,133.2742,bid,1756904156345
1756904156.6803758,4342.3,4.3721,ask,1756904156345
1756904156.9571507,4342.2,172.4208,bid,1756904156491
1756904156.9571507,4342.3,4.3721,ask,1756904156491
1756904156.9571507,4342.2,176.0779,bid,1756904156547
1756904156.9571507,4342.3,4.3721,ask,1756904156547
1756904157.032418,4342.2,176.1879,bid,1756904156707
1756904157.032418,4342.3,2.4561,ask,1756904156707
1756904157.0969286,4342.2,176.4229,bid,1756904156828
1756904157.0969286,4342.3,2.4561,ask,1756904156828
1756904157.157086,4342.2,182.184,bid,1756904156896
1756904157.157086,4342.3,2.4561,ask,1756904156896
1756904157.2944562,4342.2,182.074,bid,1756904156946
1756904157.2944562,4342.3,2.4561,ask,1756904156946
1756904157.4660585,4342.2,181.9987,bid,1756904157095
1756904157.4660585,4342.3,2.4561,ask,1756904157095
1756904157.482999,4342.2,188.9182,bid,1756904157168
1756904157.482999,4342.3,2.8448,ask,1756904157168
1756904157.6372874,4342.2,253.5166,bid,1756904157361
1756904157.6372874,4342.3,0.3887,ask,1756904157361
1756904157.6800487,4342.2,261.7868,bid,1756904157418
1756904157.6800487,4342.3,0.3887,ask,1756904157418
1756904157.9463096,4342.2,275.5582,bid,1756904157563
1756904157.9463096,4342.3,0.4824,ask,1756904157563
1756904158.0293038,4342.2,287.0699,bid,1756904157619
1756904158.0293038,4342.3,0.4824,ask,1756904157619
1756904158.6792727,4342.2,287.0699,bid,1756904158112
1756904158.6792727,4342.3,0.3689,ask,1756904158112
1756904159.5340571,4342.2,288.4517,bid,1756904159137
1756904159.5340571,4342.3,0.2752,ask,1756904159137
1756904159.558813,4342.2,234.3898,bid,1756904159215
1756904159.558813,4342.3,0.2752,ask,1756904159215
1756904159.6154177,4342.2,222.8781,bid,1756904159331
1756904159.6154177,4342.3,0.2752,ask,1756904159331
1756904159.8167214,4342.2,228.2124,bid,1756904159429
1756904159.8167214,4342.3,0.2752,ask,1756904159429
1756904159.9552748,4342.2,228.3061,bid,1756904159622
1756904159.9552748,4342.3,0.2651,ask,1756904159622
1756904160.2439063,4342.2,220.5686,bid,1756904159852
1756904160.2439063,4342.3,0.2651,ask,1756904159852
1756904160.5436873,4342.2,205.7655,bid,1756904160047
1756904160.5436873,4342.3,0.2651,ask,1756904160047
1756904160.7804298,4342.2,195.9655,bid,1756904160419
1756904160.7804298,4342.3,0.2651,ask,1756904160419
1756904160.9261582,4342.2,195.9655,bid,1756904160489
1756904160.9261582,4342.3,0.1516,ask,1756904160489
1756904161.0468032,4342.2,130.7974,bid,1756904160613
1756904161.0468032,4342.3,21.2603,ask,1756904160613
1756904161.0468032,4342.2,51.0363,bid,1756904160760
1756904161.0468032,4342.3,30.246,ask,1756904160760
1756904161.130774,4342.2,39.4367,bid,1756904160839
1756904161.130774,4342.3,30.246,ask,1756904160839
1756904161.1719866,4342.2,42.3557,bid,1756904160892
1756904161.1719866,4342.3,21.2603,ask,1756904160892
1756904161.4184813,4342.2,44.6586,bid,1756904161080
1756904161.4184813,4342.3,24.7146,ask,1756904161080
1756904161.6156437,4342.2,42.3557,bid,1756904161330
1756904161.6156437,4342.3,24.7146,ask,1756904161330
1756904161.8467996,4342.2,143.6011,bid,1756904161514
1756904161.8467996,4342.3,182.1027,ask,1756904161514
1756904162.104207,4342.2,149.3614,bid,1756904161656
1756904162.104207,4342.3,309.8879,ask,1756904161656
1756904162.104207,4342.2,35.7796,bid,1756904161724
1756904162.104207,4342.3,106.1224,ask,1756904161724
1756904162.153144,4342.2,35.7796,bid,1756904161818
1756904162.153144,4342.3,182.1048,ask,1756904161818
1756904162.246019,4342.2,35.7796,bid,1756904161958
1756904162.246019,4342.3,195.7048,ask,1756904161958
1756904162.5652874,4342.2,30.6172,bid,1756904162025
1756904162.5652874,4342.3,492.8727,ask,1756904162025
1756904162.6320112,4342.2,30.6172,bid,1756904162151
1756904162.6320112,4342.3,504.5509,ask,1756904162151
1756904162.8322701,4342.2,30.6172,bid,1756904162220
1756904162.8322701,4342.3,531.7543,ask,1756904162220
1756904162.8527858,4342.2,28.3144,bid,1756904162429
1756904162.8527858,4342.3,536.7543,ask,1756904162429
1756904162.9069033,4342.2,28.3144,bid,1756904162498
1756904162.9069033,4342.3,563.0362,ask,1756904162498
1756904163.1056688,4342.2,28.3144,bid,1756904162570
1756904163.1056688,4342.3,561.3629,ask,1756904162570
1756904163.106712,4342.2,28.3144,bid,1756904162638
1756904163.106712,4342.3,583.9434,ask,1756904162638
1756904163.24036,4342.1,0.009,bid,1756904162734
1756904163.24036,4342.3,588.4101,ask,1756904162734
1756904163.550989,4342.1,0.009,bid,1756904162974
1756904163.550989,4342.2,849.5691,ask,1756904162974
1756904164.1729717,4342.0,23.0905,bid,1756904163024
1756904164.1729717,4342.2,968.7506,ask,1756904163024
1756904164.1734893,4342.0,23.0905,bid,1756904163284
1756904164.1734893,4342.1,260.8938,ask,1756904163284
1756904164.175037,4342.0,23.0905,bid,1756904163395
1756904164.175037,4342.1,364.8428,ask,1756904163395
1756904164.175037,4342.0,23.0905,bid,1756904163541
1756904164.175037,4342.1,700.845,ask,1756904163541
1756904164.175037,4342.0,23.0905,bid,1756904163687
1756904164.175037,4342.1,1029.9502,ask,1756904163687
1756904164.176569,4342.0,23.0905,bid,1756904163742
1756904164.176569,4342.1,1011.4892,ask,1756904163742
1756904164.5800645,4342.0,23.0905,bid,1756904163829
1756904164.5800645,4342.1,1113.4675,ask,1756904163829
1756904164.5800645,4342.0,23.0905,bid,1756904163964
1756904164.5800645,4342.1,1085.6498,ask,1756904163964
1756904164.5800645,4342.0,23.0905,bid,1756904164188
1756904164.5800645,4342.1,1254.2101,ask,1756904164188
1756904164.7705956,4341.7,4.0046,bid,1756904164269
1756904164.7705956,4342.1,1411.0574,ask,1756904164269
1756904164.7705956,4341.7,4.0046,bid,1756904164316
1756904164.7705956,4341.8,172.1459,ask,1756904164316
1756904164.8251858,4341.7,3.7646,bid,1756904164389
1756904164.8251858,4341.8,431.211,ask,1756904164389
1756904164.8936338,4341.6,2.5306,bid,1756904164590
1756904164.8936338,4341.8,468.4788,ask,1756904164590
1756904164.9996483,4341.6,2.5306,bid,1756904164683
1756904164.9996483,4341.7,83.1025,ask,1756904164683
1756904165.1466064,4341.6,2.5306,bid,1756904164750
1756904165.1466064,4341.7,118.3664,ask,1756904164750
1756904165.276906,4341.6,2.5306,bid,1756904164811
1756904165.276906,4341.7,322.5764,ask,1756904164811
1756904165.4173281,4341.6,2.5306,bid,1756904165104
1756904165.4173281,4341.7,805.3839,ask,1756904165104
1756904165.5235264,4341.4,37.1416,bid,1756904165164
1756904165.5235264,4341.7,994.2573,ask,1756904165164
1756904165.6666162,4341.4,37.1416,bid,1756904165283
1756904165.6666162,4341.5,165.2192,ask,1756904165283
1756904165.9228692,4341.4,37.1416,bid,1756904165494
1756904165.9228692,4341.5,533.4218,ask,1756904165494
1756904165.97337,4341.4,37.1416,bid,1756904165597
1756904165.97337,4341.5,597.33,ask,1756904165597
1756904166.166258,4341.4,37.1416,bid,1756904165720
1756904166.166258,4341.5,756.5967,ask,1756904165720
1756904166.3035195,4341.4,37.1416,bid,1756904165855
1756904166.3035195,4341.5,683.3973,ask,1756904165855
1756904166.430218,4341.4,37.1416,bid,1756904166079
1756904166.430218,4341.5,546.6787,ask,1756904166079
1756904166.4317331,4341.4,37.1186,bid,1756904166132
1756904166.4317331,4341.5,482.5484,ask,1756904166132
1756904166.4718637,4341.4,37.1186,bid,1756904166209
1756904166.4718637,4341.5,428.265,ask,1756904166209
1756904166.5529852,4341.4,37.1186,bid,1756904166266
1756904166.5529852,4341.5,302.7515,ask,1756904166266
1756904166.7907414,4341.4,37.1186,bid,1756904166467
1756904166.7907414,4341.5,197.4041,ask,1756904166467
1756904166.9086475,4341.4,37.1186,bid,1756904166642
1756904166.9086475,4341.5,196.9255,ask,1756904166642
1756904167.0350037,4341.4,37.1186,bid,1756904166743
1756904167.0350037,4341.5,201.0536,ask,1756904166743
1756904167.3860424,4341.4,37.1186,bid,1756904167064
1756904167.3860424,4341.5,252.8678,ask,1756904167064
1756904167.5531712,4341.4,37.1186,bid,1756904167267
1756904167.5531712,4341.5,328.8648,ask,1756904167267
1756904167.621927,4341.4,37.1186,bid,1756904167349
1756904167.621927,4341.5,328.9585,ask,1756904167349
1756904167.7370126,4341.4,37.1186,bid,1756904167414
1756904167.7370126,4341.5,459.9596,ask,1756904167414
1756904169.3158388,4341.4,37.1186,bid,1756904168733
1756904169.3158388,4341.5,469.6317,ask,1756904168733
1756904169.5697045,4341.4,37.0433,bid,1756904169062
1756904169.5697045,4341.5,471.9324,ask,1756904169062
1756904169.793495,4341.4,37.0433,bid,1756904169478
1756904169.793495,4341.5,471.4816,ask,1756904169478
1756904169.9754686,4341.4,37.0433,bid,1756904169627
1756904169.9754686,4341.5,476.0882,ask,1756904169627
1756904170.2493105,4341.4,39.3467,bid,1756904169961
1756904170.2493105,4341.5,476.0882,ask,1756904169961
1756904170.3143017,4341.4,39.3112,bid,1756904170028
1756904170.3143017,4341.5,476.0848,ask,1756904170028
1756904170.5713792,4341.4,37.0078,bid,1756904170161
1756904170.5713792,4341.5,476.0848,ask,1756904170161
1756904170.6493742,4341.4,37.0078,bid,1756904170368
1756904170.6493742,4341.5,498.0848,ask,1756904170368
1756904170.8481817,4341.4,37.0078,bid,1756904170570
1756904170.8481817,4341.5,497.9713,ask,1756904170570
1756904171.0693028,4341.4,37.0078,bid,1756904170772
1756904171.0693028,4341.5,497.8776,ask,1756904170772
1756904171.2170653,4341.4,39.3112,bid,1756904170894
1756904171.2170653,4341.5,497.8776,ask,1756904170894
1756904171.3967268,4341.4,37.0078,bid,1756904171094
1756904171.3967268,4341.5,497.8776,ask,1756904171094
1756904171.4724174,4341.4,39.3112,bid,1756904171169
1756904171.4724174,4341.5,497.8776,ask,1756904171169
1756904171.6599817,4341.4,37.0078,bid,1756904171370
1756904171.6599817,4341.5,497.8776,ask,1756904171370
1756904171.7796316,4341.4,37.0078,bid,1756904171495
1756904171.7796316,4341.5,497.8623,ask,1756904171495
1756904171.8520584,4341.4,39.3112,bid,1756904171568
1756904171.8520584,4341.5,488.1561,ask,1756904171568
1756904172.246156,4341.4,37.0078,bid,1756904171903
1756904172.246156,4341.5,281.158,ask,1756904171903
1756904172.2875545,4341.4,40.0896,bid,1756904171973
1756904172.2875545,4341.5,273.9797,ask,1756904171973
1756904172.4620686,4341.4,40.0896,bid,1756904172175
1756904172.4620686,4341.5,273.6525,ask,1756904172175
1756904172.707291,4341.4,40.0896,bid,1756904172373
1756904172.707291,4341.5,273.5557,ask,1756904172373
1756904172.893259,4341.4,40.0896,bid,1756904172579
1756904172.893259,4341.5,273.5098,ask,1756904172579
1756904173.14943,4341.4,40.0896,bid,1756904172790
1756904173.14943,4341.5,267.7223,ask,1756904172790
1756904173.5896592,4341.4,40.0896,bid,1756904172967
1756904173.5896592,4341.5,342.8641,ask,1756904172967
1756904173.6014006,4341.4,40.0896,bid,1756904173109
1756904173.6014006,4341.5,344.0212,ask,1756904173109
1756904173.9911213,4341.4,40.0896,bid,1756904173247
1756904173.9911213,4341.5,199.0867,ask,1756904173247
1756904173.9911213,4341.4,46.8317,bid,1756904173416
1756904173.9911213,4341.5,114.2783,ask,1756904173416
1756904173.992676,4341.4,46.8317,bid,1756904173474
1756904173.992676,4341.5,294.2565,ask,1756904173474
1756904173.992676,4341.4,43.9525,bid,1756904173537
1756904173.992676,4341.5,118.5844,ask,1756904173537
1756904174.1291487,4341.4,41.615,bid,1756904173715
1756904174.1291487,4341.5,162.9645,ask,1756904173715
1756904174.1873775,4341.4,44.4746,bid,1756904173849
1756904174.1873775,4341.5,453.1468,ask,1756904173849
1756904174.4463613,4341.4,44.4746,bid,1756904174036
1756904174.4463613,4341.5,453.6709,ask,1756904174036
1756904174.6471355,4341.4,43.3426,bid,1756904174253
1756904174.6471355,4341.5,498.1876,ask,1756904174253
1756904174.731745,4341.4,41.0392,bid,1756904174403
1756904174.731745,4341.5,498.1876,ask,1756904174403
1756904174.8491404,4341.4,41.0392,bid,1756904174463
1756904174.8491404,4341.5,501.637,ask,1756904174463
1756904175.062546,4341.4,24.8558,bid,1756904174681
1756904175.062546,4341.5,540.7449,ask,1756904174681
1756904175.1159527,4341.4,24.8558,bid,1756904174822
1756904175.1159527,4341.5,543.0661,ask,1756904174822
1756904175.398372,4341.4,24.8558,bid,1756904175031
1756904175.398372,4341.5,543.0587,ask,1756904175031
1756904175.6321445,4341.4,24.8558,bid,1756904175284
1756904175.6321445,4341.5,549.297,ask,1756904175284
1756904175.6321445,4341.4,24.8489,bid,1756904175336
1756904175.6321445,4341.5,549.297,ask,1756904175336
1756904176.0712645,4341.4,24.8489,bid,1756904175829
1756904176.0712645,4341.5,549.3907,ask,1756904175829
1756904176.360398,4341.4,24.8489,bid,1756904176031
1756904176.360398,4341.5,549.1303,ask,1756904176031
1756904176.545217,4341.4,24.8489,bid,1756904176172
1756904176.545217,4341.5,556.0402,ask,1756904176172
1756904176.854653,4341.4,24.8489,bid,1756904176555
1756904176.854653,4341.5,555.9941,ask,1756904176555
1756904177.2373102,4341.4,24.8489,bid,1756904176858
1756904177.2373102,4341.5,916.67,ask,1756904176858
1756904177.3306754,4341.4,20.2557,bid,1756904176915
1756904177.3306754,4341.5,955.5089,ask,1756904176915
1756904177.4749594,4341.4,20.2557,bid,1756904177056
1756904177.4749594,4341.5,960.5191,ask,1756904177056
1756904177.5534666,4341.4,19.9727,bid,1756904177113
1756904177.5534666,4341.5,961.2936,ask,1756904177113
1756904177.7462041,4341.0,44.5801,bid,1756904177258
1756904177.7462041,4341.5,524.1523,ask,1756904177258
1756904177.9030108,4341.0,44.5801,bid,1756904177329
1756904177.9030108,4341.1,45.6301,ask,1756904177329
1756904177.9584477,4341.0,44.5801,bid,1756904177456
1756904177.9584477,4341.1,298.0297,ask,1756904177456
1756904177.9587543,4341.0,44.5801,bid,1756904177531
1756904177.9587543,4341.1,323.1147,ask,1756904177531
1756904178.013143,4341.0,40.9887,bid,1756904177656
1756904178.013143,4341.1,442.7081,ask,1756904177656
1756904178.0261257,4341.0,40.8335,bid,1756904177732
1756904178.0261257,4341.1,466.2956,ask,1756904177732
1756904178.107524,4341.0,40.8335,bid,1756904177788
1756904178.107524,4341.1,424.5198,ask,1756904177788
1756904178.3266861,4341.0,40.8335,bid,1756904177932
1756904178.3266861,4341.1,285.4472,ask,1756904177932
1756904178.7869692,4341.0,40.8335,bid,1756904178070
1756904178.7869692,4341.1,251.6112,ask,1756904178070
1756904179.5347846,4341.0,40.8335,bid,1756904178272
1756904179.5347846,4341.1,243.3415,ask,1756904178272
1756904179.5347846,4341.0,41.6119,bid,1756904178278
1756904179.5347846,4341.1,243.3415,ask,1756904178278
1756904179.5347846,4341.0,41.6119,bid,1756904178347
1756904179.5347846,4341.1,242.9968,ask,1756904178347
1756904179.5358222,4341.0,81.6658,bid,1756904178682
1756904179.5358222,4341.1,109.6674,ask,1756904178682
1756904179.5358222,4341.0,83.9694,bid,1756904178741
1756904179.5358222,4341.1,108.338,ask,1756904178741
1756904179.5363438,4341.0,91.1489,bid,1756904178825
1756904179.5363438,4341.1,151.1966,ask,1756904178825
1756904179.5363438,4341.0,88.2694,bid,1756904178943
1756904179.5363438,4341.1,151.1966,ask,1756904178943
1756904179.8052256,4341.0,53.7155,bid,1756904178998
1756904179.8052256,4341.1,151.1966,ask,1756904178998
1756904179.8052256,4341.0,43.9127,bid,1756904179123
1756904179.8052256,4341.1,213.731,ask,1756904179123
1756904179.8052256,4341.0,43.9127,bid,1756904179182
1756904179.8052256,4341.1,386.4657,ask,1756904179182
1756904179.8052256,4341.0,43.9127,bid,1756904179279
1756904179.8052256,4341.1,229.2905,ask,1756904179279
1756904179.9496615,4341.0,76.163,bid,1756904179549
1756904179.9496615,4341.1,326.0199,ask,1756904179549
1756904180.108527,4341.0,41.6091,bid,1756904179792
1756904180.108527,4341.1,394.0637,ask,1756904179792
1756904180.1470392,4341.0,41.6091,bid,1756904179847
1756904180.1470392,4341.1,330.326,ask,1756904179847
1756904180.175476,4341.0,41.6091,bid,1756904179919
1756904180.175476,4341.1,227.7093,ask,1756904179919
1756904180.3629737,4341.0,41.4961,bid,1756904180027
1756904180.3629737,4341.1,227.7093,ask,1756904180027
1756904180.455656,4341.0,41.4961,bid,1756904180092
1756904180.455656,4341.1,232.659,ask,1756904180092
1756904180.652715,4341.0,76.05,bid,1756904180289
1756904180.652715,4341.1,228.0201,ask,1756904180289
1756904180.652715,4341.0,76.057,bid,1756904180360
1756904180.652715,4341.1,304.1156,ask,1756904180360
1756904180.7539158,4341.0,76.057,bid,1756904180489
1756904180.7539158,4341.1,305.4978,ask,1756904180489
1756904180.9301703,4341.0,44.3826,bid,1756904180619
1756904180.9301703,4341.1,245.6463,ask,1756904180619
1756904181.0842962,4341.0,46.6862,bid,1756904180688
1756904181.0842962,4341.1,245.6463,ask,1756904180688
1756904181.1286862,4341.0,53.6067,bid,1756904180818
1756904181.1286862,4341.1,249.3434,ask,1756904180818
1756904181.1488252,4341.0,72.0319,bid,1756904180891
1756904181.1488252,4341.1,236.4935,ask,1756904180891
1756904181.2278204,4341.0,72.0319,bid,1756904180962
1756904181.2278204,4341.1,230.693,ask,1756904180962
1756904181.3523896,4341.0,72.0319,bid,1756904181018
1756904181.3523896,4341.1,305.8301,ask,1756904181018
1756904181.4701557,4341.0,106.5858,bid,1756904181083
1756904181.4701557,4341.1,305.8301,ask,1756904181083
1756904181.4858496,4341.0,106.8208,bid,1756904181165
1756904181.4858496,4341.1,257.5176,ask,1756904181165
1756904181.6170485,4341.0,106.8208,bid,1756904181254
1756904181.6170485,4341.1,193.9285,ask,1756904181254
1756904181.6360483,4341.0,58.4486,bid,1756904181317
1756904181.6360483,4341.1,190.6032,ask,1756904181317
1756904181.6484363,4341.0,58.4416,bid,1756904181404
1756904181.6484363,4341.1,190.6032,ask,1756904181404
1756904181.7928326,4341.0,58.4416,bid,1756904181514
1756904181.7928326,4341.1,190.5095,ask,1756904181514
1756904181.8363738,4341.0,58.4416,bid,1756904181565
1756904181.8363738,4341.1,196.2757,ask,1756904181565
1756904181.9182022,4341.0,25.0259,bid,1756904181655
1756904181.9182022,4341.1,112.2625,ask,1756904181655
1756904182.0198882,4341.0,87.0944,bid,1756904181705
1756904182.0198882,4341.1,60.2268,ask,1756904181705
1756904182.1942964,4341.0,94.7757,bid,1756904181756
1756904182.1942964,4341.2,24.9539,ask,1756904181756
1756904182.4148042,4341.1,210.5927,bid,1756904181917
1756904182.4148042,4341.3,6.3588,ask,1756904181917
1756904182.46407,4341.2,76.3142,bid,1756904182026
1756904182.46407,4341.3,6.3588,ask,1756904182026
1756904182.632931,4341.2,203.9359,bid,1756904182079
1756904182.632931,4341.5,44.0,ask,1756904182079
1756904182.632931,4341.4,66.2755,bid,1756904182193
1756904182.632931,4341.5,44.0,ask,1756904182193
1756904182.8132315,4341.4,94.6063,bid,1756904182322
1756904182.8132315,4341.5,44.0,ask,1756904182322
1756904182.885565,4341.4,131.0525,bid,1756904182376
1756904182.885565,4341.5,44.0,ask,1756904182376
1756904183.1804752,4341.4,559.6175,bid,1756904182527
1756904183.1804752,4341.5,44.0,ask,1756904182527
1756904183.3661196,4341.4,834.9048,bid,1756904182629
1756904183.3661196,4341.5,44.0,ask,1756904182629
1756904183.3661196,4341.4,839.512,bid,1756904182829
1756904183.3661196,4341.5,44.0,ask,1756904182829
1756904183.3661196,4341.4,1115.4425,bid,1756904182987
1756904183.3661196,4341.5,44.0,ask,1756904182987
1756904183.4078677,4341.4,1106.6575,bid,1756904183046
1756904183.4078677,4341.5,41.6972,ask,1756904183046
1756904183.7067037,4341.4,1138.0309,bid,1756904183182
1756904183.7067037,4341.5,40.4189,ask,1756904183182
1756904184.2323537,4341.4,1180.3381,bid,1756904183311
1756904184.2323537,4341.5,40.3054,ask,1756904183311
1756904184.2323537,4341.4,1205.5802,bid,1756904183382
1756904184.2323537,4341.5,40.3054,ask,1756904183382
1756904184.2323537,4341.4,1249.9726,bid,1756904183655
1756904184.2323537,4341.5,37.0356,ask,1756904183655
1756904184.2323537,4342.2,13.9577,bid,1756904183793
1756904184.2323537,4342.3,0.0046,ask,1756904183793
1756904184.2323537,4342.2,31.0874,bid,1756904183856
1756904184.2323537,4342.3,0.0046,ask,1756904183856
1756904184.2323537,4342.2,34.1064,bid,1756904183934
1756904184.2323537,4342.3,0.0046,ask,1756904183934
1756904184.5088913,4342.2,62.9649,bid,1756904183995
1756904184.5088913,4342.3,0.0046,ask,1756904183995
1756904184.6226795,4342.2,263.6361,bid,1756904184106
1756904184.6226795,4342.3,0.0046,ask,1756904184106
1756904184.6918225,4342.2,306.7262,bid,1756904184281
1756904184.6918225,4342.3,0.0046,ask,1756904184281
1756904184.7342174,4342.2,366.1774,bid,1756904184363
1756904184.7342174,4342.6,24.0989,ask,1756904184363
1756904184.9463918,4342.5,137.4751,bid,1756904184469
1756904184.9463918,4342.6,24.0989,ask,1756904184469
1756904185.0427482,4342.5,152.8236,bid,1756904184599
1756904185.0427482,4342.6,24.0989,ask,1756904184599
1756904185.0894427,4342.5,246.2779,bid,1756904184709
1756904185.0894427,4342.6,24.1724,ask,1756904184709
1756904185.4020805,4342.5,374.0926,bid,1756904184800
1756904185.4020805,4342.6,24.1724,ask,1756904184800
1756904185.4257152,4342.5,341.5105,bid,1756904184927
1756904185.4257152,4342.6,24.0989,ask,1756904184927
1756904185.572287,4342.5,301.0109,bid,1756904185103
1756904185.572287,4342.6,24.0989,ask,1756904185103
1756904185.7464828,4342.5,289.7805,bid,1756904185133
1756904185.7464828,4342.6,24.0989,ask,1756904185133
1756904185.7464828,4342.5,393.9681,bid,1756904185287
1756904185.7464828,4342.8,0.3525,ask,1756904185287
1756904185.7847044,4342.7,133.1191,bid,1756904185419
1756904185.7847044,4342.8,0.1151,ask,1756904185419
1756904186.004173,4342.7,174.0255,bid,1756904185524
1756904186.004173,4342.8,0.1151,ask,1756904185524
1756904186.0061789,4342.7,317.225,bid,1756904185603
1756904186.0061789,4342.8,0.1151,ask,1756904185603
1756904186.0375166,4342.7,453.2447,bid,1756904185665
1756904186.0375166,4342.8,0.1151,ask,1756904185665
1756904186.102239,4342.7,704.8302,bid,1756904185757
1756904186.102239,4343.0,0.035,ask,1756904185757
1756904186.3874981,4342.9,218.993,bid,1756904185928
1756904186.3874981,4343.2,0.1589,ask,1756904185928
1756904186.3874981,4343.1,75.549,bid,1756904185996
1756904186.3874981,4343.2,0.1589,ask,1756904185996
1756904186.5251274,4343.1,131.0498,bid,1756904186084
1756904186.5251274,4343.2,0.1589,ask,1756904186084
1756904186.7521932,4343.1,196.9853,bid,1756904186244
1756904186.7521932,4343.2,0.185,ask,1756904186244
1756904186.752714,4343.1,216.6096,bid,1756904186310
1756904186.752714,4343.2,0.185,ask,1756904186310
1756904186.7929583,4343.1,249.5987,bid,1756904186366
1756904186.7929583,4343.2,0.3349,ask,1756904186366
1756904186.8137896,4343.1,249.275,bid,1756904186427
1756904186.8137896,4343.2,53.6181,ask,1756904186427
1756904186.841547,4343.1,260.1392,bid,1756904186489
1756904186.841547,4343.2,55.9205,ask,1756904186489
1756904187.0144062,4343.1,227.2741,bid,1756904186623
1756904187.0144062,4343.2,62.9811,ask,1756904186623
1756904187.1853867,4343.1,192.6094,bid,1756904186677
1756904187.1853867,4343.2,76.9473,ask,1756904186677
1756904187.1853867,4343.1,128.6884,bid,1756904186817
1756904187.1853867,4343.2,80.4009,ask,1756904186817
1756904187.1853867,4343.1,79.1976,bid,1756904186878
1756904187.1853867,4343.2,121.4877,ask,1756904186878
1756904187.250411,4343.1,79.1976,bid,1756904186962
1756904187.250411,4343.2,122.6382,ask,1756904186962
1756904187.3966901,4343.1,79.1223,bid,1756904187026
1756904187.3966901,4343.2,122.6382,ask,1756904187026
1756904187.5310075,4343.1,74.3383,bid,1756904187088
1756904187.5310075,4343.2,130.8651,ask,1756904187088
1756904187.6154926,4343.1,82.9057,bid,1756904187161
1756904187.6154926,4343.2,64.996,ask,1756904187161
1756904187.670976,4343.1,107.8355,bid,1756904187286
1756904187.670976,4343.2,7.5844,ask,1756904187286
1756904187.7973967,4343.1,133.1879,bid,1756904187446
1756904187.7973967,4343.2,7.5844,ask,1756904187446
1756904187.8497677,4343.1,154.5725,bid,1756904187558
1756904187.8497677,4343.2,7.5445,ask,1756904187558
1756904189.3087575,4343.1,161.9681,bid,1756904188232
1756904189.3087575,4343.2,7.5184,ask,1756904188232
1756904189.3097966,4343.1,178.189,bid,1756904188433
1756904189.3097966,4343.2,4.6053,ask,1756904188433
1756904189.3097966,4343.1,178.189,bid,1756904188579
1756904189.3097966,4343.2,4.5903,ask,1756904188579
1756904189.5494845,4343.1,178.6495,bid,1756904188889
1756904189.5494845,4343.2,4.5903,ask,1756904188889
1756904189.5974026,4343.1,180.952,bid,1756904189103
1756904189.5974026,4343.2,4.5903,ask,1756904189103
1756904189.9983232,4343.1,175.0287,bid,1756904189590
1756904189.9983232,4343.2,4.5903,ask,1756904189590
1756904190.026777,4343.1,180.7872,bid,1756904189591
1756904190.026777,4343.2,4.5903,ask,1756904189591
1756904190.143819,4343.1,180.6772,bid,1756904189780
1756904190.143819,4343.2,4.5903,ask,1756904189780
1756904190.2532225,4343.1,174.9187,bid,1756904189864
1756904190.2532225,4343.2,4.8277,ask,1756904189864
1756904190.4576514,4343.1,115.7415,bid,1756904189992
1756904190.4576514,4343.2,47.7786,ask,1756904189992
1756904190.687839,4343.1,97.9535,bid,1756904190066
1756904190.687839,4343.2,82.6429,ask,1756904190066
1756904190.7509074,4343.1,117.049,bid,1756904190293
1756904190.7509074,4343.2,7.6104,ask,1756904190293
1756904190.889737,4343.1,117.159,bid,1756904190494
1756904190.889737,4343.2,6.8181,ask,1756904190494
1756904191.0868464,4343.1,132.3141,bid,1756904190568
1756904191.0868464,4343.2,0.4511,ask,1756904190568
1756904191.0868464,4343.1,135.4884,bid,1756904190633
1756904191.0868464,4343.2,0.1239,ask,1756904190633
1756904191.1221898,4343.1,140.0934,bid,1756904190695
1756904191.1221898,4343.3,23.8848,ask,1756904190695
1756904191.1886716,4343.2,131.545,bid,1756904190816
1756904191.1886716,4343.3,23.8848,ask,1756904190816
1756904191.279587,4343.2,321.3667,bid,1756904190897
1756904191.279587,4343.3,23.8848,ask,1756904190897
1756904191.5584571,4343.2,341.3259,bid,1756904191031
1756904191.5584571,4343.3,23.8848,ask,1756904191031
1756904191.7364626,4343.2,469.0517,bid,1756904191099
1756904191.7364626,4343.5,0.3478,ask,1756904191099
1756904191.7364626,4343.4,72.7032,bid,1756904191229
1756904191.7364626,4343.6,3.4533,ask,1756904191229
1756904191.8929634,4343.5,188.085,bid,1756904191378
1756904191.8929634,4343.7,0.4604,ask,1756904191378
1756904191.8929634,4343.6,24.5091,bid,1756904191484
1756904191.8929634,4343.7,0.4604,ask,1756904191484
1756904192.0827298,4343.6,135.1468,bid,1756904191665
1756904192.0827298,4343.7,0.4604,ask,1756904191665
1756904192.1238387,4343.6,368.5207,bid,1756904191742
1756904192.1238387,4343.7,0.4604,ask,1756904191742
1756904192.2019515,4343.6,488.9276,bid,1756904191839
1756904192.2019515,4343.7,0.4604,ask,1756904191839
1756904192.2643523,4343.6,501.4404,bid,1756904191902
1756904192.2643523,4343.7,0.4604,ask,1756904191902
1756904192.3342423,4343.6,509.6414,bid,1756904192030
1756904192.3342423,4343.7,0.4604,ask,1756904192030
1756904192.4313312,4343.6,403.1078,bid,1756904192101
1756904192.4313312,4343.7,0.4604,ask,1756904192101
1756904192.624641,4343.6,403.1552,bid,1756904192161
1756904192.624641,4343.7,0.4604,ask,1756904192161
1756904192.6261528,4343.6,360.8128,bid,1756904192237
1756904192.6261528,4343.7,0.4604,ask,1756904192237
1756904192.7998273,4343.6,335.8677,bid,1756904192361
1756904192.7998273,4343.7,0.4604,ask,1756904192361
1756904192.7998273,4343.6,331.0318,bid,1756904192416
1756904192.7998273,4343.7,0.4604,ask,1756904192416
1756904192.8428524,4343.6,267.464,bid,1756904192490
1756904192.8428524,4343.7,0.4604,ask,1756904192490
1756904192.947541,4343.6,256.2404,bid,1756904192552
1756904192.947541,4343.7,0.4604,ask,1756904192552
1756904193.247654,4343.6,248.2102,bid,1756904192753
1756904193.247654,4343.7,0.4604,ask,1756904192753
1756904193.3748593,4343.6,244.1134,bid,1756904193019
1756904193.3748593,4343.7,0.2952,ask,1756904193019
1756904193.4426003,4343.6,243.5396,bid,1756904193076
1756904193.4426003,4343.7,0.2952,ask,1756904193076
1756904193.950145,4343.6,243.5929,bid,1756904193249
1756904193.950145,4343.7,0.2952,ask,1756904193249
1756904194.5810146,4343.6,236.7705,bid,1756904193510
1756904194.5810146,4343.7,0.2952,ask,1756904193510
1756904194.5810146,4343.6,200.2488,bid,1756904193621
1756904194.5810146,4343.7,0.2952,ask,1756904193621
1756904194.5810146,4343.6,196.2143,bid,1756904193684
1756904194.5810146,4343.7,0.2952,ask,1756904193684
1756904194.5830233,4343.6,196.1206,bid,1756904193988
1756904194.5830233,4343.7,0.2952,ask,1756904193988
1756904195.0011146,4343.6,195.103,bid,1756904194572
1756904195.0011146,4343.7,0.2952,ask,1756904194572
1756904195.05554,4343.6,258.005,bid,1756904194774
1756904195.05554,4343.7,0.2952,ask,1756904194774
1756904195.1927562,4343.6,335.2907,bid,1756904194848
1756904195.1927562,4343.7,0.2952,ask,1756904194848
1756904195.3942652,4343.6,429.6256,bid,1756904194975
1756904195.3942652,4343.7,0.2952,ask,1756904194975
1756904195.8364236,4343.6,435.7187,bid,1756904195420
1756904195.8364236,4343.7,0.2952,ask,1756904195420
1756904195.984408,4343.6,501.2383,bid,1756904195548
1756904195.984408,4343.7,0.2952,ask,1756904195548
1756904195.984408,4343.6,625.8065,bid,1756904195655
1756904195.984408,4343.7,0.3889,ask,1756904195655
1756904196.0356886,4343.6,626.3634,bid,1756904195724
1756904196.0356886,4343.7,0.3889,ask,1756904195724
1756904196.174708,4343.6,668.511,bid,1756904195783
1756904196.174708,4343.7,0.0937,ask,1756904195783
1756904196.26513,4343.6,674.3404,bid,1756904195925
1756904196.26513,4343.7,0.0937,ask,1756904195925
1756904196.4445386,4343.6,703.7467,bid,1756904196054
1756904196.4445386,4343.7,0.0937,ask,1756904196054
1756904196.5055418,4343.6,766.2752,bid,1756904196258
1756904196.5055418,4344.1,10.0,ask,1756904196258
1756904196.6619306,4344.0,198.6414,bid,1756904196328
1756904196.6619306,4344.1,9.8865,ask,1756904196328
1756904196.7955766,4344.0,315.5824,bid,1756904196415
1756904196.7955766,4344.1,9.8865,ask,1756904196415
1756904196.8710423,4344.0,481.8185,bid,1756904196499
1756904196.8710423,4344.1,9.8865,ask,1756904196499
1756904197.2762942,4344.0,659.4912,bid,1756904196696
1756904197.2762942,4344.1,9.7365,ask,1756904196696
1756904197.2762942,4344.0,553.4987,bid,1756904196777
1756904197.2762942,4344.1,9.7365,ask,1756904196777
1756904197.300864,4344.0,527.5232,bid,1756904196880
1756904197.300864,4344.1,9.7365,ask,1756904196880
1756904197.4556499,4344.0,489.2812,bid,1756904196952
1756904197.4556499,4344.1,9.7365,ask,1756904196952
1756904197.4774327,4344.0,472.0445,bid,1756904197103
1756904197.4774327,4344.1,9.7365,ask,1756904197103
1756904197.6167274,4344.0,483.0443,bid,1756904197208
1756904197.6167274,4344.1,9.7365,ask,1756904197208
1756904197.6856873,4344.0,464.1067,bid,1756904197308
1756904197.6856873,4344.1,9.7365,ask,1756904197308
1756904197.7512133,4344.0,460.779,bid,1756904197357
1756904197.7512133,4344.1,9.7365,ask,1756904197357
1756904197.863464,4344.0,473.9946,bid,1756904197477
1756904197.863464,4344.1,9.7365,ask,1756904197477
1756904198.0515156,4344.0,604.0537,bid,1756904197691
1756904198.0515156,4344.1,9.7365,ask,1756904197691
1756904198.3989317,4344.0,610.1579,bid,1756904198021
1756904198.3989317,4344.1,9.7365,ask,1756904198021
1756904198.4945676,4344.0,636.9976,bid,1756904198105
1756904198.4945676,4344.1,9.7365,ask,1756904198105
1756904198.7794523,4344.0,637.1127,bid,1756904198324
1756904198.7794523,4344.1,9.7365,ask,1756904198324
1756904199.16937,4344.0,618.6481,bid,1756904198621
1756904199.16937,4344.1,9.7365,ask,1756904198621
1756904199.318849,4344.0,635.1582,bid,1756904198941
1756904199.318849,4344.1,9.623,ask,1756904198941
1756904199.3500097,4344.0,635.9875,bid,1756904198998
1756904199.3500097,4344.1,9.623,ask,1756904198998
1756904199.5486352,4344.0,635.9121,bid,1756904199054
1756904199.5486352,4344.1,9.623,ask,1756904199054
1756904199.5766726,4344.0,776.5807,bid,1756904199230
1756904199.5766726,4344.1,9.623,ask,1756904199230
1756904199.7294412,4344.0,783.7728,bid,1756904199387
1756904199.7294412,4344.1,8.7446,ask,1756904199387
1756904199.7561688,4344.0,790.4228,bid,1756904199463
1756904199.7561688,4344.1,8.7446,ask,1756904199463
1756904199.8854203,4344.0,793.548,bid,1756904199578
1756904199.8854203,4344.1,8.7446,ask,1756904199578
1756904199.9273832,4344.0,798.9158,bid,1756904199637
1756904199.9273832,4344.1,8.7446,ask,1756904199637
1756904200.0273817,4344.0,809.8832,bid,1756904199733
1756904200.0273817,4344.1,8.7446,ask,1756904199733
1756904200.1695857,4344.0,835.0935,bid,1756904199788
1756904200.1695857,4344.1,8.7446,ask,1756904199788
1756904200.3324327,4344.0,835.058,bid,1756904200018
1756904200.3324327,4344.1,8.7411,ask,1756904200018
1756904200.7110395,4344.0,876.2814,bid,1756904200380
1756904200.7110395,4344.1,8.7411,ask,1756904200380
1756904200.779913,4344.0,876.2869,bid,1756904200468
1756904200.779913,4344.1,8.7411,ask,1756904200468
1756904200.9090478,4344.0,899.6175,bid,1756904200556
1756904200.9090478,4344.1,8.7411,ask,1756904200556
1756904200.9375947,4344.0,976.7426,bid,1756904200607
1756904200.9375947,4344.1,8.7411,ask,1756904200607
1756904200.9852653,4344.0,978.5553,bid,1756904200692
1756904200.9852653,4344.1,8.7411,ask,1756904200692
1756904201.0419092,4344.0,989.9685,bid,1756904200757
1756904201.0419092,4344.1,8.7411,ask,1756904200757
1756904201.2571843,4344.0,995.6357,bid,1756904200887
1756904201.2571843,4344.1,8.7411,ask,1756904200887
1756904201.4119499,4344.0,998.5975,bid,1756904201005
1756904201.4119499,4344.9,0.0046,ask,1756904201005
1756904201.7331588,4344.8,54.8875,bid,1756904201112
1756904201.7331588,4344.9,0.0046,ask,1756904201112
1756904201.7331588,4344.8,95.5306,bid,1756904201315
1756904201.7331588,4345.2,1.023,ask,1756904201315
1756904201.827655,4345.1,4.334,bid,1756904201321
1756904201.827655,4345.4,0.3512,ask,1756904201321
1756904201.8670826,4345.3,17.9489,bid,1756904201457
1756904201.8670826,4345.4,0.0512,ask,1756904201457
1756904202.022625,4345.3,47.9586,bid,1756904201606
1756904202.022625,4345.4,11.0727,ask,1756904201606
1756904202.1406262,4345.3,115.0009,bid,1756904201776
1756904202.1406262,4345.6,2.3011,ask,1756904201776
1756904202.367393,4345.7,32.2855,bid,1756904201974
1756904202.367393,4345.8,0.0976,ask,1756904201974
1756904202.4829452,4345.7,82.4565,bid,1756904202103
1756904202.4829452,4345.8,0.0976,ask,1756904202103
1756904202.5065825,4345.7,120.3186,bid,1756904202202
1756904202.5065825,4345.8,0.0976,ask,1756904202202
1756904202.6391964,4345.7,217.0414,bid,1756904202295
1756904202.6391964,4345.8,10.1909,ask,1756904202295
1756904202.7438598,4345.7,224.8738,bid,1756904202402
1756904202.7438598,4345.8,10.1909,ask,1756904202402
1756904202.8416085,4345.7,202.4318,bid,1756904202517
1756904202.8416085,4345.8,10.1678,ask,1756904202517
1756904202.9876907,4345.7,182.7257,bid,1756904202687
1756904202.9876907,4345.8,10.1678,ask,1756904202687
1756904203.135842,4345.7,152.8713,bid,1756904202755
1756904203.135842,4345.8,10.9601,ask,1756904202755
1756904203.1618252,4345.7,140.2959,bid,1756904202815
1756904203.1618252,4345.8,11.1975,ask,1756904202815
1756904203.4460294,4345.7,110.4263,bid,1756904203079
1756904203.4460294,4345.8,10.2828,ask,1756904203079
1756904203.4897132,4345.7,121.0672,bid,1756904203172
1756904203.4897132,4345.8,10.0454,ask,1756904203172
1756904203.996369,4345.7,121.0672,bid,1756904203282
1756904203.996369,4345.8,9.335,ask,1756904203282
1756904203.9968865,4345.7,121.0672,bid,1756904203338
1756904203.9968865,4346.0,0.4132,ask,1756904203338
1756904203.9989848,4345.9,172.401,bid,1756904203417
1756904203.9989848,4346.0,0.4132,ask,1756904203417
1756904204.2396388,4345.9,185.1717,bid,1756904203542
1756904204.2396388,4346.0,0.4132,ask,1756904203542
1756904204.2396388,4345.9,248.8401,bid,1756904203725
1756904204.2396388,4346.0,11.1697,ask,1756904203725
1756904204.2396388,4345.9,260.3861,bid,1756904203822
1756904204.2396388,4346.0,11.1697,ask,1756904203822
1756904204.389857,4345.9,277.6802,bid,1756904203942
1756904204.389857,4346.0,11.1697,ask,1756904203942
1756904204.5119658,4345.9,291.72,bid,1756904204018
1756904204.5119658,4346.0,11.1697,ask,1756904204018
1756904204.5324469,4345.9,296.4025,bid,1756904204092
1756904204.5324469,4346.0,11.1697,ask,1756904204092
1756904204.5324469,4345.9,288.9458,bid,1756904204145
1756904204.5324469,4346.0,11.962,ask,1756904204145
1756904204.5402403,4345.9,286.1018,bid,1756904204226
1756904204.5402403,4346.0,0.8273,ask,1756904204226
1756904204.5972993,4345.9,306.7253,bid,1756904204282
1756904204.5972993,4346.2,21.9575,ask,1756904204282
1756904204.6421547,4346.1,90.5401,bid,1756904204379
1756904204.6421547,4346.2,21.7201,ask,1756904204379
1756904204.7785625,4346.1,142.6811,bid,1756904204429
1756904204.7785625,4346.2,21.7201,ask,1756904204429
1756904204.9610856,4346.1,259.2447,bid,1756904204578
1756904204.9610856,4346.2,32.6947,ask,1756904204578
1756904204.9610856,4346.1,279.3179,bid,1756904204627
1756904204.9610856,4346.2,33.487,ask,1756904204627
1756904204.9994035,4346.1,250.1686,bid,1756904204684
1756904204.9994035,4346.2,33.6278,ask,1756904204684
1756904205.0486326,4346.1,249.3116,bid,1756904204775
1756904205.0486326,4346.2,33.5143,ask,1756904204775
1756904205.1879258,4346.1,244.2462,bid,1756904204829
1756904205.1879258,4346.2,33.5143,ask,1756904204829
1756904205.5401914,4346.1,227.9669,bid,1756904204982
1756904205.5401914,4346.2,33.5143,ask,1756904204982
1756904205.6650934,4346.1,124.2426,bid,1756904205177
1756904205.6650934,4346.2,32.5739,ask,1756904205177
1756904205.6976786,4346.1,129.2393,bid,1756904205232
1756904205.6976786,4346.2,32.5739,ask,1756904205232
1756904205.6976786,4346.1,111.4676,bid,1756904205350
1756904205.6976786,4346.2,32.5739,ask,1756904205350
1756904205.7604969,4346.1,111.4676,bid,1756904205464
1756904205.7604969,4346.2,10.9746,ask,1756904205464
1756904206.0245616,4346.1,111.5613,bid,1756904205691
1756904206.0245616,4346.2,10.9746,ask,1756904205691
1756904206.3516042,4346.1,110.6039,bid,1756904206016
1756904206.3516042,4346.2,10.7391,ask,1756904206016
1756904206.5785096,4346.1,110.6039,bid,1756904206314
1756904206.5785096,4346.2,11.5314,ask,1756904206314
1756904206.6421545,4346.1,79.2167,bid,1756904206368
1756904206.6421545,4346.2,11.5314,ask,1756904206368
1756904206.696767,4346.1,78.2821,bid,1756904206431
1756904206.696767,4346.2,11.5314,ask,1756904206431
1756904206.8704338,4346.1,74.254,bid,1756904206567
1756904206.8704338,4346.2,11.5314,ask,1756904206567
1756904206.9849396,4346.1,73.8835,bid,1756904206629
1756904206.9849396,4346.2,11.5314,ask,1756904206629
1756904207.144955,4346.1,69.4812,bid,1756904206789
1756904207.144955,4346.2,11.5314,ask,1756904206789
1756904207.247218,4346.1,59.5712,bid,1756904206842
1756904207.247218,4346.2,11.7688,ask,1756904206842
1756904207.3477902,4346.1,37.1857,bid,1756904206977
1756904207.3477902,4346.2,63.1741,ask,1756904206977
1756904207.359961,4346.1,37.1857,bid,1756904207042
1756904207.359961,4346.2,63.1575,ask,1756904207042
1756904207.419374,4346.1,6.7604,bid,1756904207108
1756904207.419374,4346.2,87.8358,ask,1756904207108
1756904207.6442099,4346.1,6.8541,bid,1756904207310
1756904207.6442099,4346.2,87.8358,ask,1756904207310
1756904207.8147025,4346.1,6.3691,bid,1756904207426
1756904207.8147025,4346.2,158.1651,ask,1756904207426
1756904207.837138,4346.1,6.3691,bid,1756904207529
1756904207.837138,4346.2,158.2751,ask,1756904207529
1756904208.0771778,4346.1,6.3644,bid,1756904207703
1756904208.0771778,4346.2,158.4407,ask,1756904207703
1756904208.2025743,4346.1,6.3644,bid,1756904207826
1756904208.2025743,4346.2,72.1679,ask,1756904207826
1756904208.4404392,4346.1,6.3644,bid,1756904208025
1756904208.4404392,4346.2,51.9014,ask,1756904208025
1756904208.5302718,4346.1,6.3644,bid,1756904208150
1756904208.5302718,4346.2,51.7358,ask,1756904208150
1756904208.98541,4346.1,6.3644,bid,1756904208328
1756904208.98541,4346.2,76.8902,ask,1756904208328
1756904209.439199,4346.1,6.2707,bid,1756904208542
1756904209.439199,4346.2,67.2002,ask,1756904208542
1756904209.439199,4346.1,6.2707,bid,1756904208636
1756904209.439199,4346.2,91.3132,ask,1756904208636
1756904209.439199,4346.1,6.2707,bid,1756904208745
1756904209.439199,4346.2,194.79,ask,1756904208745
1756904209.439199,4346.1,6.2707,bid,1756904208883
1756904209.439199,4346.2,143.031,ask,1756904208883
1756904209.439199,4346.1,6.2707,bid,1756904209048
1756904209.439199,4346.2,91.272,ask,1756904209048
1756904209.743032,4346.1,6.2707,bid,1756904209251
1756904209.743032,4346.2,51.8046,ask,1756904209251
1756904209.7435415,4346.1,6.2707,bid,1756904209291
1756904209.7435415,4346.2,52.9551,ask,1756904209291
1756904209.9157684,4346.1,6.2707,bid,1756904209548
1756904209.9157684,4346.2,118.8337,ask,1756904209548
1756904209.9157684,4346.1,6.2777,bid,1756904209611
1756904209.9157684,4346.2,118.8337,ask,1756904209611
1756904210.3519158,4346.1,6.1647,bid,1756904210059
1756904210.3519158,4346.2,170.5926,ask,1756904210059
1756904210.5950296,4346.1,6.1647,bid,1756904210230
1756904210.5950296,4346.2,118.9337,ask,1756904210230
1756904210.7158718,4346.1,6.1647,bid,1756904210429
1756904210.7158718,4346.2,118.9174,ask,1756904210429
1756904211.0003,4346.1,6.1647,bid,1756904210625
1756904211.0003,4346.2,119.1424,ask,1756904210625
1756904211.138888,4346.1,6.1577,bid,1756904210856
1756904211.138888,4346.2,119.1178,ask,1756904210856
1756904211.1652708,4346.1,6.1577,bid,1756904210917
1756904211.1652708,4346.2,170.8768,ask,1756904210917
1756904211.3917093,4346.1,6.1577,bid,1756904211027
1756904211.3917093,4346.2,170.7634,ask,1756904211027
1756904211.6120095,4346.1,6.1577,bid,1756904211185
1756904211.6120095,4346.2,119.0043,ask,1756904211185
1756904211.711473,4346.1,6.1577,bid,1756904211376
1756904211.711473,4346.2,84.491,ask,1756904211376
1756904212.0504007,4346.1,1.2836,bid,1756904211639
1756904212.0504007,4346.2,313.1559,ask,1756904211639
1756904212.077635,4345.7,0.1434,bid,1756904211700
1756904212.077635,4346.2,354.051,ask,1756904211700
1756904212.242398,4345.7,0.1434,bid,1756904211872
1756904212.242398,4345.8,254.7629,ask,1756904211872
1756904212.275126,4345.7,0.1434,bid,1756904211975
1756904212.275126,4345.8,447.361,ask,1756904211975
1756904212.4227707,4345.7,0.1434,bid,1756904212065
1756904212.4227707,4345.8,704.498,ask,1756904212065
1756904212.474087,4345.7,0.1434,bid,1756904212120
1756904212.474087,4345.8,741.9868,ask,1756904212120
1756904212.6788979,4345.7,0.1434,bid,1756904212274
1756904212.6788979,4345.8,707.8024,ask,1756904212274
1756904212.8325925,4345.7,0.1434,bid,1756904212362
1756904212.8325925,4345.8,430.7561,ask,1756904212362
1756904212.8890495,4345.7,0.1434,bid,1756904212479
1756904212.8890495,4345.8,335.4214,ask,1756904212479
1756904212.899693,4345.7,0.1434,bid,1756904212591
1756904212.899693,4345.8,289.7493,ask,1756904212591
1756904212.9414978,4345.7,0.1434,bid,1756904212676
1756904212.9414978,4345.8,242.7194,ask,1756904212676
1756904213.0311224,4345.7,0.1434,bid,1756904212745
1756904213.0311224,4345.8,196.6237,ask,1756904212745
1756904213.1170807,4345.7,0.1434,bid,1756904212794
1756904213.1170807,4345.8,186.6237,ask,1756904212794
1756904213.265288,4345.7,0.1434,bid,1756904212877
1756904213.265288,4345.8,164.402,ask,1756904212877
1756904213.4046886,4345.7,0.1377,bid,1756904213078
1756904213.4046886,4345.8,164.402,ask,1756904213078
1756904213.485093,4345.7,0.1377,bid,1756904213148
1756904213.485093,4345.8,156.3483,ask,1756904213148
1756904213.7185519,4345.7,0.1377,bid,1756904213347
1756904213.7185519,4345.8,141.4535,ask,1756904213347
1756904213.970323,4345.6,7.1744,bid,1756904213477
1756904213.970323,4345.8,128.9237,ask,1756904213477
1756904214.238744,4345.6,7.1744,bid,1756904213548
1756904214.238744,4345.7,97.5814,ask,1756904213548
1756904214.238744,4345.6,3.7227,bid,1756904213679
1756904214.238744,4345.7,241.9808,ask,1756904213679
1756904214.238744,4345.5,4.366,bid,1756904213774
1756904214.238744,4345.7,362.4742,ask,1756904213774
1756904214.489672,4345.5,4.366,bid,1756904213951
1756904214.489672,4345.6,160.3589,ask,1756904213951
1756904214.4901993,4345.5,0.9142,bid,1756904214022
1756904214.4901993,4345.6,191.0027,ask,1756904214022
1756904214.4901993,4345.5,0.9142,bid,1756904214140
1756904214.4901993,4345.6,229.8098,ask,1756904214140
1756904214.5431564,4345.5,0.9142,bid,1756904214206
1756904214.5431564,4345.6,225.2995,ask,1756904214206
1756904214.6715674,4345.5,5.9363,bid,1756904214355
1756904214.6715674,4345.6,217.8027,ask,1756904214355
1756904214.8824687,4345.5,5.0221,bid,1756904214540
1756904214.8824687,4345.6,296.5429,ask,1756904214540
1756904214.909808,4345.5,2.1456,bid,1756904214616
1756904214.909808,4345.6,331.1704,ask,1756904214616
1756904215.053006,4345.5,2.1456,bid,1756904214757
1756904215.053006,4345.6,381.0619,ask,1756904214757
1756904215.0823464,4345.3,0.9142,bid,1756904214810
1756904215.0823464,4345.6,410.9598,ask,1756904214810
1756904215.2429717,4345.3,0.9142,bid,1756904214962
1756904215.2429717,4345.4,647.1824,ask,1756904214962
1756904215.3621986,4345.3,0.9142,bid,1756904215032
1756904215.3621986,4345.4,802.5644,ask,1756904215032
1756904215.5378582,4345.3,2.3826,bid,1756904215155
1756904215.5378582,4345.4,899.0499,ask,1756904215155
1756904215.5629964,4345.3,2.3826,bid,1756904215222
1756904215.5629964,4345.4,825.4844,ask,1756904215222
1756904215.6652794,4345.3,4.5283,bid,1756904215359
1756904215.6652794,4345.4,507.2316,ask,1756904215359
1756904215.6785831,4345.3,9.1276,bid,1756904215417
1756904215.6785831,4345.4,262.7663,ask,1756904215417
1756904215.8736322,4345.3,9.1276,bid,1756904215564
1756904215.8736322,4345.4,170.2206,ask,1756904215564
1756904215.9869246,4345.3,9.1276,bid,1756904215674
1756904215.9869246,4345.4,140.304,ask,1756904215674
1756904216.046592,4345.3,9.1276,bid,1756904215763
1756904216.046592,4345.4,170.221,ask,1756904215763
1756904216.2569106,4345.3,9.1276,bid,1756904215967
1756904216.2569106,4345.4,165.6183,ask,1756904215967
1756904216.3257124,4345.3,9.1276,bid,1756904216023
1756904216.3257124,4345.4,130.2865,ask,1756904216023
1756904216.5202274,4345.3,9.1276,bid,1756904216165
1756904216.5202274,4345.4,123.7915,ask,1756904216165
1756904216.630906,4345.3,9.1276,bid,1756904216368
1756904216.630906,4345.4,108.1642,ask,1756904216368
1756904216.8409913,4345.3,9.1276,bid,1756904216552
1756904216.8409913,4345.4,127.7256,ask,1756904216552
1756904216.9420679,4345.3,9.1276,bid,1756904216642
1756904216.9420679,4345.4,127.6121,ask,1756904216642
1756904217.1230114,4345.3,9.1276,bid,1756904216767
1756904217.1230114,4345.4,127.7058,ask,1756904216767
1756904217.1230114,4345.3,9.1276,bid,1756904216843
1756904217.1230114,4345.4,93.1861,ask,1756904216843
1756904217.2469573,4345.3,9.1276,bid,1756904216966
1756904217.2469573,4345.4,111.1587,ask,1756904216966
1756904217.3406615,4345.3,9.0523,bid,1756904217029
1756904217.3406615,4345.4,111.1587,ask,1756904217029
1756904217.4971983,4345.3,9.0523,bid,1756904217168
1756904217.4971983,4345.4,93.1861,ask,1756904217168
1756904217.6229782,4345.3,11.9289,bid,1756904217230
1756904217.6229782,4345.4,88.5834,ask,1756904217230
1756904217.7327673,4345.3,11.9289,bid,1756904217355
1756904217.7327673,4345.4,123.1007,ask,1756904217355
1756904217.7641006,4345.3,9.0523,bid,1756904217435
1756904217.7641006,4345.4,88.581,ask,1756904217435
1756904217.9065251,4345.3,9.0523,bid,1756904217623
1756904217.9065251,4345.4,107.082,ask,1756904217623
1756904218.1085284,4345.3,14.8205,bid,1756904217768
1756904218.1085284,4345.4,107.082,ask,1756904217768
1756904218.1173146,4345.3,20.589,bid,1756904217826
1756904218.1173146,4345.4,107.082,ask,1756904217826
1756904218.2484782,4345.3,14.8205,bid,1756904217970
1756904218.2484782,4345.4,141.6017,ask,1756904217970
1756904218.3412805,4345.3,9.0523,bid,1756904218027
1756904218.3412805,4345.4,141.6017,ask,1756904218027
1756904218.4480507,4345.3,9.0523,bid,1756904218169
1756904218.4480507,4345.4,141.508,ask,1756904218169
1756904218.5338652,4345.3,9.0523,bid,1756904218242
1756904218.5338652,4345.4,106.9883,ask,1756904218242
1756904218.8192976,4345.3,18.2715,bid,1756904218369
1756904218.8192976,4345.4,88.4873,ask,1756904218369
1756904218.8192976,4345.3,12.5043,bid,1756904218439
1756904218.8192976,4345.4,88.4873,ask,1756904218439
1756904219.2745678,4345.3,21.2382,bid,1756904218641
1756904219.2745678,4345.4,123.007,ask,1756904218641
1756904219.2806692,4345.3,12.598,bid,1756904218845
1756904219.2806692,4345.4,138.5369,ask,1756904218845
1756904219.2806692,4345.3,12.598,bid,1756904218912
1756904219.2806692,4345.4,104.0172,ask,1756904218912
1756904219.4213195,4345.3,9.146,bid,1756904219054
1756904219.4213195,4345.4,88.4873,ask,1756904219054
1756904219.4401581,4345.3,14.9266,bid,1756904219185
1756904219.4401581,4345.4,88.4873,ask,1756904219185
1756904219.5098548,4345.3,17.8032,bid,1756904219257
1756904219.5098548,4345.4,88.4873,ask,1756904219257
1756904219.791744,4345.3,15.4746,bid,1756904219371
1756904219.791744,4345.4,88.4873,ask,1756904219371
1756904220.048691,4345.3,21.2569,bid,1756904219781
1756904220.048691,4345.4,88.4873,ask,1756904219781
1756904220.226528,4345.3,18.3803,bid,1756904219858
1756904220.226528,4345.4,123.007,ask,1756904219858
1756904220.4233015,4345.3,16.9119,bid,1756904220029
1756904220.4233015,4345.4,123.007,ask,1756904220029
1756904220.449901,4345.3,16.9119,bid,1756904220094
1756904220.449901,4345.4,113.0484,ask,1756904220094
1756904220.46372,4345.3,16.9119,bid,1756904220164
1756904220.46372,4345.4,110.7472,ask,1756904220164
1756904220.6054842,4345.3,14.722,bid,1756904220320
1756904220.6054842,4345.4,110.6337,ask,1756904220320
1756904220.8339815,4345.3,14.6283,bid,1756904220370
1756904220.8339815,4345.4,110.1493,ask,1756904220370
1756904220.916508,4345.3,18.8524,bid,1756904220564
1756904220.916508,4345.4,110.1493,ask,1756904220564
1756904221.040905,4345.3,18.8524,bid,1756904220687
1756904221.040905,4345.4,112.4505,ask,1756904220687
1756904221.4901085,4345.3,104.6102,bid,1756904221164
1756904221.4901085,4345.4,29.5813,ask,1756904221164
1756904221.567235,4345.3,361.1701,bid,1756904221287
1756904221.567235,4345.4,3.6064,ask,1756904221287
1756904221.8453135,4345.3,409.8069,bid,1756904221387
1756904221.8453135,4346.2,19.8368,ask,1756904221387
1756904222.1079178,4346.1,52.8223,bid,1756904221584
1756904222.1079178,4346.2,0.115,ask,1756904221584
1756904222.1375694,4346.1,58.3172,bid,1756904221758
1756904222.1375694,4346.2,0.115,ask,1756904221758
1756904222.3151555,4346.1,63.533,bid,1756904221894
1756904222.3151555,4346.2,0.115,ask,1756904221894
1756904222.478849,4346.1,178.8166,bid,1756904221958
1756904222.478849,4346.2,0.115,ask,1756904221958
1756904222.478849,4346.1,252.2456,bid,1756904222060
1756904222.478849,4346.2,0.115,ask,1756904222060
1756904222.597928,4346.1,240.0941,bid,1756904222192
1756904222.597928,4346.2,0.115,ask,1756904222192
1756904222.6432047,4346.1,241.1335,bid,1756904222286
1756904222.6432047,4346.3,0.1064,ask,1756904222286
1756904222.7206728,4346.2,109.3666,bid,1756904222341
1756904222.7206728,4346.3,0.1064,ask,1756904222341
1756904222.9906614,4346.2,121.193,bid,1756904222446
1756904222.9906614,4346.3,0.1064,ask,1756904222446
1756904222.9906614,4346.2,293.0533,bid,1756904222541
1756904222.9906614,4346.3,0.1064,ask,1756904222541
1756904223.0625303,4346.2,327.8332,bid,1756904222613
1756904223.0625303,4346.3,0.1064,ask,1756904222613
1756904223.0625303,4346.2,448.4283,bid,1756904222744
1756904223.0625303,4346.3,0.2214,ask,1756904222744
1756904223.1053066,4346.2,444.24,bid,1756904222807
1756904223.1053066,4346.3,10.9209,ask,1756904222807
1756904223.2067506,4346.2,433.7386,bid,1756904222867
1756904223.2067506,4346.3,10.9209,ask,1756904222867
1756904223.2672813,4346.2,457.4225,bid,1756904222944
1756904223.2672813,4346.3,10.9209,ask,1756904222944
1756904223.3172038,4346.2,442.23,bid,1756904223014
1756904223.3172038,4346.3,10.9209,ask,1756904223014
1756904223.4207067,4346.2,280.0239,bid,1756904223076
1756904223.4207067,4346.3,10.9209,ask,1756904223076
1756904223.5238411,4346.2,249.0628,bid,1756904223219
1756904223.5238411,4346.3,10.9209,ask,1756904223219
1756904223.5618691,4346.2,211.0646,bid,1756904223312
1756904223.5618691,4346.3,10.9209,ask,1756904223312
1756904223.6644242,4346.2,220.3275,bid,1756904223371
1756904223.6644242,4346.3,10.9209,ask,1756904223371
1756904223.9197593,4346.2,166.3605,bid,1756904223491
1756904223.9197593,4346.3,0.2214,ask,1756904223491
1756904224.4924917,4346.2,179.2007,bid,1756904223690
1756904224.4924917,4346.3,0.2214,ask,1756904223690
1756904224.4929955,4346.2,306.8726,bid,1756904223965
1756904224.4929955,4346.3,0.2214,ask,1756904223965
1756904224.4929955,4346.2,533.2272,bid,1756904224049
1756904224.4929955,4346.3,0.2214,ask,1756904224049
1756904224.6185093,4346.2,553.7065,bid,1756904224214
1756904224.6185093,4346.3,0.1064,ask,1756904224214
1756904224.6260965,4346.2,285.5085,bid,1756904224289
1756904224.6260965,4347.0,0.0517,ask,1756904224289
1756904224.6821952,4346.9,28.6956,bid,1756904224363
1756904224.6821952,4347.0,0.0517,ask,1756904224363
1756904224.789893,4346.9,29.9855,bid,1756904224507
1756904224.789893,4347.0,85.5973,ask,1756904224507
1756904224.9208198,4346.9,45.404,bid,1756904224563
1756904224.9208198,4347.0,137.351,ask,1756904224563
1756904225.0698097,4346.9,44.2332,bid,1756904224708
1756904225.0698097,4347.0,148.4072,ask,1756904224708
1756904225.1046119,4346.9,40.5265,bid,1756904224765
1756904225.1046119,4347.0,190.1726,ask,1756904224765
1756904225.1263134,4346.9,39.0852,bid,1756904224829
1756904225.1263134,4347.0,227.2121,ask,1756904224829
1756904225.2228515,4346.9,37.2448,bid,1756904224922
1756904225.2228515,4347.0,211.0642,ask,1756904224922
1756904225.28295,4346.9,36.7847,bid,1756904224992
1756904225.28295,4347.0,197.1895,ask,1756904224992
1756904225.6386826,4346.9,36.7073,bid,1756904225084
1756904225.6386826,4347.0,198.807,ask,1756904225084
1756904225.6407208,4346.9,24.2291,bid,1756904225223
1756904225.6407208,4347.0,206.2619,ask,1756904225223
1756904225.83576,4346.9,19.4685,bid,1756904225415
1756904225.83576,4347.0,368.2741,ask,1756904225415
1756904225.8856843,4346.9,19.4685,bid,1756904225500
1756904225.8856843,4347.0,368.8498,ask,1756904225500
1756904226.0300012,4346.9,10.2651,bid,1756904225574
1756904226.0300012,4347.0,185.5316,ask,1756904225574
1756904226.0461085,4346.9,10.2651,bid,1756904225720
1756904226.0461085,4347.0,188.9809,ask,1756904225720
1756904226.2017114,4346.9,9.0131,bid,1756904225828
1756904226.2017114,4347.0,308.1722,ask,1756904225828
1756904226.2414896,4346.9,9.0131,bid,1756904225922
1756904226.2414896,4347.0,404.7715,ask,1756904225922
1756904226.3138871,4346.9,7.7611,bid,1756904225977
1756904226.3138871,4347.0,375.5777,ask,1756904225977
1756904226.4273963,4346.9,7.7611,bid,1756904226029
1756904226.4273963,4347.0,375.7914,ask,1756904226029
1756904226.444174,4346.9,7.7611,bid,1756904226135
1756904226.444174,4347.0,364.9728,ask,1756904226135
1756904226.7135794,4346.9,7.7611,bid,1756904226349
1756904226.7135794,4347.0,365.0078,ask,1756904226349
1756904227.0036407,4346.9,7.7611,bid,1756904226645
1756904227.0036407,4347.0,364.2378,ask,1756904226645
1756904227.1814382,4346.9,7.4163,bid,1756904226753
1756904227.1814382,4347.0,200.598,ask,1756904226753
1756904227.3514493,4346.9,7.4163,bid,1756904226833
1756904227.3514493,4347.0,272.37,ask,1756904226833
1756904227.415916,4346.9,7.4163,bid,1756904227027
1756904227.415916,4347.0,263.8456,ask,1756904227027
1756904227.4527652,4346.9,10.2919,bid,1756904227162
1756904227.4527652,4347.0,246.675,ask,1756904227162
1756904227.58801,4346.9,10.2919,bid,1756904227231
1756904227.58801,4347.0,125.182,ask,1756904227231
1756904227.8158755,4346.9,30.0844,bid,1756904227359
1756904227.8158755,4347.0,111.2481,ask,1756904227359
1756904228.000851,4346.9,35.5844,bid,1756904227429
1756904228.000851,4347.0,59.8757,ask,1756904227429
1756904228.0985415,4346.9,70.8496,bid,1756904227546
1756904228.0985415,4347.0,8.4945,ask,1756904227546
1756904228.127041,4346.9,115.3863,bid,1756904227750
1756904228.127041,4347.0,1.4385,ask,1756904227750
1756904228.2964852,4346.9,126.8922,bid,1756904227923
1756904228.2964852,4347.0,1.4385,ask,1756904227923
1756904228.3496366,4346.9,161.3992,bid,1756904227974
1756904228.3496366,4347.0,1.4385,ask,1756904227974
1756904228.477772,4346.9,167.1595,bid,1756904228030
1756904228.477772,4347.0,1.4385,ask,1756904228030
1756904228.5316596,4346.9,161.3992,bid,1756904228181
1756904228.5316596,4347.0,1.4385,ask,1756904228181
1756904228.7799103,4346.9,166.7996,bid,1756904228273
1756904228.7799103,4347.0,1.4385,ask,1756904228273
1756904228.8103957,4346.9,288.68,bid,1756904228388
1756904228.8103957,4347.0,1.4385,ask,1756904228388
1756904228.8261702,4346.9,288.68,bid,1756904228457
1756904228.8261702,4347.0,1.325,ask,1756904228457
1756904229.4236617,4346.9,78.5097,bid,1756904228836
1756904229.4236617,4347.0,2.5023,ask,1756904228836
1756904229.5639691,4346.9,130.1849,bid,1756904229021
1756904229.5639691,4347.0,2.5304,ask,1756904229021
1756904229.6379304,4346.9,139.9849,bid,1756904229063
1756904229.6379304,4347.0,5.9813,ask,1756904229063
1756904229.6379304,4346.9,294.2486,bid,1756904229294
1756904229.6379304,4347.0,3.5599,ask,1756904229294
1756904229.6677487,4346.9,296.3594,bid,1756904229371
1756904229.6677487,4347.0,3.5599,ask,1756904229371
1756904229.737213,4346.9,299.235,bid,1756904229466
1756904229.737213,4347.0,1.2595,ask,1756904229466
1756904229.869976,4346.9,339.0674,bid,1756904229521
1756904229.869976,4347.0,1.2595,ask,1756904229521
1756904230.0703814,4346.9,339.8395,bid,1756904229648
1756904230.0703814,4347.0,1.2595,ask,1756904229648
1756904230.2130687,4346.9,363.7897,bid,1756904229816
1756904230.2130687,4347.0,1.2595,ask,1756904229816
1756904230.4160721,4346.9,618.5647,bid,1756904229956
1756904230.4160721,4347.0,0.71,ask,1756904229956
1756904230.6192236,4346.9,631.0243,bid,1756904230018
1756904230.6192236,4347.0,0.0936,ask,1756904230018
1756904230.6715455,4346.9,786.4021,bid,1756904230138
1756904230.6715455,4347.0,0.0936,ask,1756904230138
1756904230.8307743,4346.9,786.4152,bid,1756904230437
1756904230.8307743,4347.0,0.0936,ask,1756904230437
1756904230.9185612,4347.0,2.2092,bid,1756904230501
1756904230.9185612,4347.1,10.1799,ask,1756904230501
1756904231.2106717,4347.0,175.4942,bid,1756904230546
1756904231.2106717,4347.1,10.1799,ask,1756904230546
1756904231.2106717,4347.0,457.6181,bid,1756904230639
1756904231.2106717,4347.1,9.8799,ask,1756904230639
1756904231.3075163,4347.0,1010.1716,bid,1756904230813
1756904231.3075163,4347.1,4.8541,ask,1756904230813
1756904231.5452013,4347.0,1039.4486,bid,1756904230984
1756904231.5452013,4347.1,4.8541,ask,1756904230984
1756904231.5452013,4347.0,1004.0834,bid,1756904231097
1756904231.5452013,4347.1,4.8541,ask,1756904231097
1756904231.681944,4347.0,1019.4791,bid,1756904231197
1756904231.681944,4347.1,4.8541,ask,1756904231197
1756904231.7941358,4347.0,1106.8678,bid,1756904231324
1756904231.7941358,4347.1,4.6241,ask,1756904231324
1756904231.8452973,4347.0,868.5718,bid,1756904231460
1756904231.8452973,4347.1,4.3941,ask,1756904231460
1756904231.94975,4347.0,540.6763,bid,1756904231609
1756904231.94975,4347.1,4.3941,ask,1756904231609
1756904232.0453632,4347.0,318.0968,bid,1756904231672
1756904232.0453632,4347.1,4.3941,ask,1756904231672
1756904232.2232127,4347.0,73.2541,bid,1756904231801
1756904232.2232127,4347.1,28.9189,ask,1756904231801
1756904232.5347114,4347.0,27.7365,bid,1756904232004
1756904232.5347114,4347.1,67.9669,ask,1756904232004
1756904232.6076643,4347.0,2.83,bid,1756904232164
1756904232.6076643,4347.1,70.4219,ask,1756904232164
1756904232.638911,4346.9,6.2641,bid,1756904232287
1756904232.638911,4347.1,74.2219,ask,1756904232287
1756904232.7819512,4346.9,6.2641,bid,1756904232430
1756904232.7819512,4347.0,306.443,ask,1756904232430
1756904233.0135221,4346.9,7.6275,bid,1756904232539
1756904233.0135221,4347.0,1184.4527,ask,1756904232539
1756904233.0778334,4346.9,7.6275,bid,1756904232636
1756904233.0778334,4347.0,1286.7787,ask,1756904232636
1756904233.2384686,4346.9,179.7754,bid,1756904232809
1756904233.2384686,4347.0,963.1135,ask,1756904232809
1756904233.4713705,4346.9,585.2074,bid,1756904233041
1756904233.4713705,4347.0,426.974,ask,1756904233041
1756904233.5611722,4346.9,620.292,bid,1756904233136
1756904233.5611722,4347.0,370.7209,ask,1756904233136
1756904233.651402,4346.9,624.9741,bid,1756904233263
1756904233.651402,4347.0,155.1703,ask,1756904233263
1756904233.7367141,4346.9,528.4357,bid,1756904233344
1756904233.7367141,4347.0,26.2791,ask,1756904233344
1756904234.0706148,4346.9,531.7247,bid,1756904233539
1756904234.0706148,4347.0,6.9012,ask,1756904233539
1756904234.135348,4346.9,540.9274,bid,1756904233648
1756904234.135348,4347.0,6.9012,ask,1756904233648
1756904234.5501919,4346.9,383.7667,bid,1756904233754
1756904234.5501919,4347.1,4.043,ask,1756904233754
1756904234.550698,4347.0,33.9216,bid,1756904233820
1756904234.550698,4347.1,4.043,ask,1756904233820
1756904234.550698,4347.0,60.2358,bid,1756904233956
1756904234.550698,4347.1,4.043,ask,1756904233956
1756904234.5512218,4347.0,206.0618,bid,1756904234077
1756904234.5512218,4347.1,14.7381,ask,1756904234077
1756904234.7131178,4347.0,279.599,bid,1756904234234
1756904234.7131178,4347.1,14.6246,ask,1756904234234
1756904234.7780178,4347.0,324.973,bid,1756904234363
1756904234.7780178,4347.1,14.6246,ask,1756904234363
1756904234.7955556,4347.0,318.1055,bid,1756904234557
1756904234.7955556,4347.1,14.6246,ask,1756904234557
1756904234.9983513,4347.0,274.3172,bid,1756904234639
1756904234.9983513,4347.1,3.9295,ask,1756904234639
1756904235.1895707,4347.0,271.3632,bid,1756904234780
1756904235.1895707,4347.1,3.9295,ask,1756904234780
1756904235.2396002,4347.0,282.8691,bid,1756904234866
1756904235.2396002,4347.1,3.9295,ask,1756904234866
1756904235.2942002,4347.0,282.3678,bid,1756904234974
1756904235.2942002,4347.1,3.9295,ask,1756904234974
1756904235.4834785,4347.0,164.9436,bid,1756904235067
1756904235.4834785,4347.1,5.2748,ask,1756904235067
1756904235.5785701,4347.0,133.9841,bid,1756904235155
1756904235.5785701,4347.1,8.4184,ask,1756904235155
1756904235.7789092,4347.0,132.7213,bid,1756904235468
1756904235.7789092,4347.1,13.1766,ask,1756904235468
1756904235.8198965,4347.0,123.5192,bid,1756904235570
1756904235.8198965,4347.1,13.1766,ask,1756904235570
1756904236.054069,4347.0,131.164,bid,1756904235665
1756904236.054069,4347.1,4.7654,ask,1756904235665
1756904236.1556854,4347.0,134.6146,bid,1756904235777
1756904236.1556854,4347.1,4.7654,ask,1756904235777
1756904236.3450582,4347.0,133.9785,bid,1756904235959
1756904236.3450582,4347.1,3.9221,ask,1756904235959
1756904236.4363787,4347.0,128.4785,bid,1756904236061
1756904236.4363787,4347.1,3.6147,ask,1756904236061
1756904236.6092448,4347.0,128.4785,bid,1756904236179
1756904236.6092448,4347.1,5.915,ask,1756904236179
1756904236.7167933,4347.0,125.603,bid,1756904236311
1756904236.7167933,4347.1,6.7583,ask,1756904236311
1756904236.753795,4347.0,125.603,bid,1756904236469
1756904236.753795,4347.1,9.0586,ask,1756904236469
1756904236.812135,4347.0,125.603,bid,1756904236539
1756904236.812135,4347.1,6.7583,ask,1756904236539
1756904236.8778062,4347.0,122.6861,bid,1756904236593
1756904236.8778062,4347.1,13.8168,ask,1756904236593
1756904236.9353166,4347.0,157.1899,bid,1756904236671
1756904236.9353166,4347.1,13.8168,ask,1756904236671
1756904237.030858,4347.0,104.2852,bid,1756904236741
1756904237.030858,4347.1,20.8726,ask,1756904236741
1756904237.1501064,4347.0,109.7852,bid,1756904236794
1756904237.1501064,4347.1,20.8726,ask,1756904236794
1756904237.187718,4347.0,40.0687,bid,1756904236873
1756904237.187718,4347.1,18.5723,ask,1756904236873
1756904237.3178406,4347.0,28.2948,bid,1756904237002
1756904237.3178406,4347.1,34.6782,ask,1756904237002
1756904237.4747818,4347.0,11.5995,bid,1756904237142
1756904237.4747818,4347.1,56.2638,ask,1756904237142
1756904237.6359563,4347.0,0.0936,bid,1756904237277
1756904237.6359563,4347.1,54.32,ask,1756904237277
1756904237.7946918,4347.0,0.0936,bid,1756904237343
1756904237.7946918,4347.1,59.5082,ask,1756904237343
1756904237.8495357,4347.0,0.0936,bid,1756904237544
1756904237.8495357,4347.1,62.9587,ask,1756904237544
