timestamp,price,size,side,trade_id,exchange_timestamp
1756904112.5455544,111039.0,0.00091,buy,1062032029372010,1756904102005
1756904112.5455544,111038.0,1.0,sell,840625993692607,1756904103412
1756904112.5455544,111038.0,0.14276,sell,33108932701991,1756904103412
1756904112.5455544,111038.0,0.25,sell,308028780509500,1756904103412
1756904112.5455544,111038.0,0.47646,sell,780791369393545,1756904103412
1756904112.5455544,111038.0,0.49244,sell,499723200810071,1756904103412
1756904112.5455544,111038.0,0.5,sell,450811159510392,1756904103412
1756904112.5455544,111038.0,0.25,sell,626142958539489,1756904103412
1756904112.5455544,111038.0,0.25,sell,1085503491292022,1756904103412
1756904112.5455544,111038.0,0.6189,sell,265398753410170,1756904103412
1756904112.5455544,111038.0,0.48497,sell,82175942407036,1756904103412
1756904112.5455544,111038.0,0.05339,sell,727164986761283,1756904103412
1756904112.5455544,111038.0,0.6189,sell,228162310315152,1756904103412
1756904112.5455544,111038.0,0.5,sell,208836694593272,1756904103412
1756904112.5455544,111038.0,0.06545,sell,464803506428609,1756904103412
1756904112.5455544,111038.0,0.18012,sell,1015521817210615,1756904103412
1756904112.5455544,111038.0,0.18012,sell,191936643172961,1756904103412
1756904112.5455544,111038.0,0.6189,sell,489729554654305,1756904103412
1756904112.5455544,111038.0,0.02305,sell,387787718173893,1756904103412
1756904112.5455544,111038.0,2.25023,sell,1036235216985736,1756904103412
1756904112.5455544,111038.0,0.03042,sell,7093638554237,1756904103412
1756904112.5455544,111038.0,0.38371,sell,946444922284417,1756904103412
1756904112.5455544,111039.0,0.01117,buy,487996150955146,1756904103685
1756904112.5455544,111039.0,0.00481,buy,607403410352989,1756904103912
1756904112.5455544,111039.0,0.00111,buy,340649836673012,1756904104412
1756904112.5455544,111039.0,0.05777,buy,1039185481491267,1756904105636
1756904112.5455544,111038.0,0.01117,sell,145826926372563,1756904108459
1756904112.5455544,111038.0,0.00025,sell,138802774003292,1756904111094
1756904112.5455544,111039.0,0.04811,buy,919540536373362,1756904111417
1756904112.5455544,111038.0,0.0048,sell,660205907272332,1756904112006
1756904113.029678,111038.0,0.00093,sell,834790675867468,1756904112363
1756904113.3337147,111039.0,0.00108,buy,351760835821104,1756904112708
1756904113.54128,111039.0,0.00252,buy,974749091138372,1756904113262
1756904113.54128,111039.0,0.00011,buy,547581143383731,1756904113262
1756904113.54128,111041.0,0.00011,buy,226987630025118,1756904113262
1756904113.54128,111042.0,0.14726,buy,467682178365105,1756904113262
1756904114.4344246,111042.0,0.0001,buy,440081373688757,1756904114062
1756904114.85233,111042.0,0.004,buy,838220398760477,1756904114513
1756904115.2171726,111042.0,0.01117,buy,354568588342836,1756904114923
1756904116.5323412,111042.0,0.00034,buy,174607285380134,1756904116054
1756904118.5628932,111042.0,0.00099,buy,330651536671787,1756904117600
1756904119.5427318,111041.0,0.01117,sell,289525845815047,1756904119078
1756904121.145009,111042.0,0.00111,buy,227479751294565,1756904120853
1756904121.8668537,111042.0,0.00172,buy,696551303249265,1756904121465
1756904121.8668537,111042.0,0.045,buy,206384631719351,1756904121465
1756904121.8668537,111042.0,0.00011,buy,896213064359133,1756904121465
1756904121.8668537,111042.0,0.04657,buy,577893278520786,1756904121465
1756904121.8668537,111043.0,0.03598,buy,666180604750980,1756904121465
1756904121.8668537,111043.0,0.00011,buy,908349839585776,1756904121465
1756904121.8668537,111044.0,0.00011,buy,856031533903451,1756904121465
1756904121.8668537,111044.0,0.28358,buy,1031449500230045,1756904121465
1756904122.3960311,111044.0,0.0001,buy,217967542493148,1756904122049
1756904123.5201898,111043.0,0.00284,sell,640823918113430,1756904123049
1756904124.5113149,111044.0,0.00017,buy,19894247608957,1756904124061
1756904125.4915595,111044.0,0.00011,buy,989557358642789,1756904125024
1756904125.4915595,111044.0,0.00016,buy,277589823294058,1756904125024
1756904125.6056957,111044.0,0.03,buy,855540540701527,1756904125226
1756904129.059978,111044.0,0.0001,buy,884905159946260,1756904127045
1756904129.062487,111044.0,0.07936,buy,306161371679313,1756904127564
1756904129.062487,111044.0,0.10073,buy,587154885845417,1756904127564
1756904129.47893,111043.0,0.00231,sell,903725260525533,1756904127736
1756904129.47893,111044.0,0.00863,buy,184348561823316,1756904127736
1756904129.7903707,111044.0,0.02113,buy,444413273587109,1756904129006
1756904129.7903707,111044.0,0.00035,buy,657473460467200,1756904129006
1756904130.442932,111044.0,0.00149,buy,14742654190733,1756904130022
1756904132.4400618,111044.0,0.00091,buy,679649029077670,1756904132053
1756904132.4400618,111043.0,0.0036,sell,1010961851825477,1756904132053
1756904139.646015,111044.0,0.00283,buy,127862262204936,1756904139150
1756904140.4275727,111044.0,0.13562,buy,694871941608838,1756904140032
1756904140.4275727,111044.0,0.00011,buy,1075135493260414,1756904140032
1756904140.4275727,111044.0,0.00015,buy,145659549856867,1756904140032
1756904140.4275727,111044.0,0.17993,buy,964664681918873,1756904140032
1756904140.4275727,111044.0,0.7203,buy,46843978094970,1756904140032
1756904141.4039478,111043.0,0.00011,sell,737005197595460,1756904141064
1756904141.4039478,111043.0,0.00014,sell,191878668604271,1756904141064
1756904141.4039478,111043.0,0.03813,sell,1013304583567736,1756904141064
1756904141.4039478,111042.0,0.00011,sell,341408239938493,1756904141064
1756904141.4039478,111041.0,0.61063,sell,1088908649842295,1756904141064
1756904141.4039478,111041.0,0.36496,sell,286848652515369,1756904141064
1756904141.694641,111041.0,0.02441,sell,708137700869324,1756904141305
1756904141.694641,111041.0,0.00011,sell,574905238823547,1756904141305
1756904141.694641,111041.0,0.05,sell,254819352181,1756904141305
1756904141.694641,111040.0,0.00011,sell,378863132258555,1756904141305
1756904142.523943,111029.0,0.00011,sell,1046156830874587,1756904142071
1756904142.523943,111028.0,0.00011,sell,934103415016061,1756904142071
1756904142.523943,111027.0,0.00011,sell,899105959246385,1756904142071
1756904142.523943,111026.0,0.00011,sell,11364896926611,1756904142071
1756904142.523943,111025.0,0.00011,sell,865276787100784,1756904142071
1756904142.523943,111024.0,0.00011,sell,364273967180248,1756904142071
1756904142.523943,111023.0,0.00011,sell,392445471041055,1756904142071
1756904142.523943,111023.0,0.00402,sell,617077621244379,1756904142071
1756904144.0522814,111024.0,0.0001,buy,924813717566655,1756904143102
1756904145.7894793,111023.0,0.00011,sell,966537616882171,1756904145435
1756904145.7894793,111022.0,0.00011,sell,1102422632059397,1756904145435
1756904145.7894793,111021.0,0.01416,sell,1079635815675407,1756904145435
1756904145.9606016,111021.0,0.00046,sell,723636439536646,1756904145539
1756904145.9606016,111020.0,0.01054,sell,987186287299893,1756904145539
1756904146.4312696,111021.0,0.00035,buy,247682861704955,1756904146037
1756904147.3050292,111021.0,0.00017,buy,533787935291825,1756904146984
1756904149.4361122,111020.0,0.03146,sell,594460111653963,1756904149024
1756904149.4361122,111020.0,0.00011,sell,1024898289921671,1756904149024
1756904149.4361122,111020.0,0.0002,sell,843451455655016,1756904149024
1756904149.4361122,111019.0,0.00011,sell,427224755663452,1756904149024
1756904149.644312,111018.0,0.0001,sell,731944781160576,1756904149241
1756904149.644312,111018.0,0.00034,sell,920823036771726,1756904149241
1756904149.6813304,111018.0,0.00044,sell,539569674875348,1756904149391
1756904149.9303436,111018.0,0.00738,sell,579299735853709,1756904149443
1756904149.9303436,111018.0,0.00011,sell,165869022891306,1756904149443
1756904149.9303436,111017.0,0.0082,sell,988284110864556,1756904149443
1756904149.9303436,111017.0,0.00011,sell,503398358713098,1756904149443
1756904149.9303436,111016.0,0.00011,sell,719372938521647,1756904149443
1756904149.9303436,111015.0,0.00011,sell,1033787524534995,1756904149443
1756904149.9303436,111014.0,0.00011,sell,330790497632957,1756904149443
1756904149.9303436,111013.0,0.00011,sell,720265234310122,1756904149443
1756904149.9303436,111012.0,0.00011,sell,540346690299738,1756904149443
1756904149.9303436,111011.0,0.00011,sell,607524775366931,1756904149443
1756904149.9303436,111010.0,0.00011,sell,822291277369132,1756904149443
1756904149.9303436,111009.0,0.00011,sell,380155457639277,1756904149443
1756904149.9303436,111008.0,0.00437,sell,272266475433544,1756904149443
1756904150.535292,111008.0,0.00383,sell,832380824154024,1756904150030
1756904150.535292,111005.0,0.00149,sell,119814615333236,1756904150030
1756904152.1606133,111005.0,0.00318,sell,474155749115311,1756904151838
1756904152.1606133,111005.0,0.01352,sell,272474422948899,1756904151838
1756904152.1606133,111005.0,0.05242,sell,401525270991190,1756904151838
1756904152.3380907,111006.0,0.0001,buy,249476539372654,1756904152034
1756904153.6236887,111005.0,0.0032,sell,483349112929186,1756904153081
1756904154.1523683,111005.0,0.11461,sell,93822551307307,1756904153698
1756904154.1523683,111005.0,0.00011,sell,673857119758217,1756904153698
1756904154.1523683,111004.0,0.00011,sell,142462571090821,1756904153698
1756904154.1523683,111003.0,0.00011,sell,467101830782511,1756904153698
1756904154.1523683,111002.0,0.00011,sell,216635975307439,1756904153698
1756904154.1523683,111002.0,0.00011,sell,29523584062950,1756904153698
1756904154.1523683,111001.0,0.002,sell,1118768793809841,1756904153698
1756904154.1523683,111001.0,0.00011,sell,488710534139257,1756904153698
1756904154.1523683,111001.0,0.1351,sell,1025873964053620,1756904153698
1756904154.1523683,111000.0,0.00225,sell,556256611969180,1756904153698
1756904154.1523683,111000.0,0.00225,sell,520963899493350,1756904153698
1756904154.1523683,111000.0,0.00423,sell,899715949985171,1756904153698
1756904154.1523683,111000.0,0.00691,sell,329814340865994,1756904153698
1756904154.1523683,111000.0,0.01,sell,824320799470437,1756904153698
1756904154.1523683,111000.0,0.009,sell,973343142690320,1756904153698
1756904154.1523683,111000.0,0.05,sell,134699880191929,1756904153698
1756904154.1523683,111000.0,0.27611,sell,587211642434290,1756904153698
1756904154.1523683,111000.0,0.0045,sell,197510759282919,1756904153698
1756904154.1523683,111000.0,0.02,sell,771216054453424,1756904153698
1756904154.1523683,111000.0,0.0045,sell,787205305961639,1756904153698
1756904154.1523683,111000.0,0.0001,sell,116945122073454,1756904153698
1756904154.1523683,111000.0,0.002,sell,462332791799841,1756904153698
1756904154.1523683,111000.0,0.00721,sell,896365003569309,1756904153698
1756904154.1523683,111000.0,0.00486,sell,955882935069327,1756904153698
1756904154.1523683,111000.0,0.00181,sell,700164979254614,1756904153698
1756904154.1523683,111000.0,0.00225,sell,182137309019770,1756904153698
1756904154.1523683,111000.0,0.00045,sell,695820965333470,1756904153698
1756904154.1523683,111000.0,0.3146,sell,764342755164479,1756904153698
1756904154.574117,111001.0,0.00017,buy,389682854603626,1756904154095
1756904155.4649668,111001.0,0.00011,buy,1015500679581986,1756904155004
1756904155.4649668,111001.0,0.00016,buy,244906842837889,1756904155004
1756904156.9571507,111000.0,0.0002,sell,224797190428650,1756904156547
1756904157.4660585,111001.0,0.0001,buy,350175469671646,1756904157013
1756904157.6378205,111001.0,0.01117,buy,508613324470469,1756904157361
1756904157.6378205,111000.0,0.00027,sell,720291016474818,1756904157361
1756904157.6378205,111001.0,0.00022,buy,659604744366125,1756904157361
1756904159.4341345,111001.0,0.02113,buy,1068839691221712,1756904159010
1756904159.4341345,111001.0,0.00042,buy,558548517498720,1756904159010
1756904160.5436873,111001.0,0.00149,buy,1049265333205358,1756904160047
1756904162.5652874,111001.0,0.00091,buy,1005159060593761,1756904162025
1756904162.9100537,111000.0,0.00038,sell,795034512038790,1756904162498
1756904165.5484486,111000.0,0.00133,sell,400877600642021,1756904165164
1756904165.5484486,111000.0,0.00227,sell,784712115754380,1756904165164
1756904165.5484486,111000.0,0.00432,sell,368266424247689,1756904165164
1756904165.5484486,111000.0,0.00946,sell,967784400835275,1756904165164
1756904165.5484486,111001.0,0.02699,buy,592527990904548,1756904165164
1756904165.5484486,111001.0,0.03164,buy,700608665159489,1756904165164
1756904165.5484486,111000.0,0.13753,sell,159278691897321,1756904165164
1756904165.5484486,111000.0,0.02964,sell,495745717606196,1756904165164
1756904165.5484486,111000.0,0.00011,sell,296762961603823,1756904165164
1756904165.5484486,110999.0,0.0082,sell,926319850645947,1756904165164
1756904165.5484486,110999.0,0.00011,sell,654372483254380,1756904165164
1756904165.5484486,110998.0,0.0001,sell,1091247180256684,1756904165164
1756904165.5484486,110998.0,0.00011,sell,492400193645179,1756904165164
1756904165.5484486,110997.0,0.0001,sell,890040674185347,1756904165164
1756904165.5484486,110997.0,0.00011,sell,493498805211195,1756904165164
1756904165.5484486,110996.0,0.00011,sell,800227653499688,1756904165164
1756904165.5484486,110995.0,0.00011,sell,443844060394770,1756904165164
1756904165.5484486,110995.0,0.04504,sell,442497880206460,1756904165164
1756904165.5484486,110994.0,0.00011,sell,628724607620736,1756904165164
1756904165.5484486,110993.0,0.00011,sell,1013875890842411,1756904165164
1756904165.5484486,110993.0,0.90072,sell,834267256147401,1756904165164
1756904165.5484486,110992.0,0.00011,sell,362406688801342,1756904165164
1756904165.5484486,110992.0,0.13511,sell,166467261407374,1756904165164
1756904165.5484486,110991.0,0.00011,sell,220709039603877,1756904165164
1756904165.5484486,110990.0,0.00011,sell,161697492577268,1756904165164
1756904165.5484486,110990.0,0.31525,sell,1081860042689195,1756904165164
1756904165.5484486,110989.0,0.0082,sell,11951901283108,1756904165164
1756904165.5484486,110989.0,0.00011,sell,323760857637708,1756904165164
1756904165.5484486,110989.0,0.03598,sell,217913407546539,1756904165164
1756904165.5484486,110988.0,0.00011,sell,797069532348254,1756904165164
1756904165.5484486,110988.0,1.35119,sell,1122908280256549,1756904165164
1756904165.5484486,110987.0,0.00011,sell,818027071230355,1756904165164
1756904165.5484486,110987.0,0.01802,sell,199042927980090,1756904165164
1756904165.5484486,110987.0,0.08796,sell,893947228056797,1756904165164
1756904165.5484486,110987.0,0.54048,sell,877230607400928,1756904165164
1756904165.5484486,110987.0,0.12915,sell,968607922937478,1756904165164
1756904167.7458193,110993.0,0.14926,sell,57174535699511,1756904167414
1756904167.874943,110994.0,0.00015,buy,216861786487690,1756904167544
1756904167.874943,110994.0,8e-05,buy,828078180448567,1756904167544
1756904167.874943,110994.0,0.00122,buy,899156687563391,1756904167544
1756904167.981785,110994.0,0.00046,buy,659658346336079,1756904167674
1756904167.991909,110993.0,0.0036,sell,906905128861359,1756904167733
1756904167.991909,110994.0,0.05,buy,297735444525131,1756904167733
1756904169.3158388,110994.0,0.00126,buy,830367377839208,1756904168074
1756904169.3158388,110994.0,0.00027,buy,65881140883165,1756904168074
1756904169.5692017,110994.0,0.00045,buy,250709652034632,1756904168919
1756904171.3801951,110993.0,0.00024,sell,1081311926372305,1756904171033
1756904171.8640172,110994.0,0.002,buy,335024039341971,1756904171568
1756904172.3453357,110993.0,0.00479,sell,426252111300963,1756904172039
1756904173.9911213,110993.0,0.01117,sell,973582910623654,1756904173176
1756904174.2247663,110993.0,0.00014,sell,561251959929018,1756904173849
1756904174.4463613,110994.0,0.0001,buy,801513082940936,1756904174036
1756904176.369857,110994.0,0.00015,buy,770857746396589,1756904176031
1756904176.369857,110994.0,0.00019,buy,83793078525771,1756904176031
1756904176.6542902,110994.0,0.06194,buy,733351784419398,1756904176303
1756904176.8358815,110993.0,0.00026,sell,1076997538257158,1756904176492
1756904177.3464038,110993.0,0.00026,sell,941311424442610,1756904176915
1756904177.5154216,110994.0,0.01117,buy,88765414252430,1756904177056
1756904177.9587543,110993.0,0.00026,sell,431612636897706,1756904177456
1756904180.1126733,110994.0,0.14125,buy,916236212165723,1756904179671
1756904180.652715,110993.0,0.00014,sell,507559504371422,1756904180289
1756904180.7191157,110994.0,0.00112,buy,424005728681048,1756904180421
1756904181.8057601,110993.0,0.01117,sell,605043337240026,1756904181514
1756904182.46407,111001.0,0.0001,buy,681631805462674,1756904182026
1756904183.4815636,111002.0,0.00364,sell,541276057952954,1756904183046
1756904183.4815636,111003.0,0.89136,buy,875553458220144,1756904183046
1756904184.2323537,111003.0,2.67865,buy,911591706664699,1756904183856
1756904184.2323537,111003.0,0.81349,buy,383606704914046,1756904183856
1756904184.2323537,111003.0,0.4015,buy,563712252935564,1756904183856
1756904184.2323537,111003.0,0.36863,buy,598794671191772,1756904183856
1756904184.5088913,111003.0,0.00458,buy,697213995192343,1756904183995
1756904184.6226795,111003.0,0.00018,buy,551127715824858,1756904184055
1756904184.6226795,111003.0,0.46107,buy,973605687988906,1756904184055
1756904185.4146616,111003.0,0.01117,buy,272837528574108,1756904184800
1756904185.4810603,111003.0,0.0001,buy,298124579831644,1756904185000
1756904185.4810603,111003.0,0.00015,buy,977440830522152,1756904185000
1756904186.752714,111003.0,0.22944,buy,977167180259978,1756904186129
1756904186.752714,111003.0,0.00011,buy,21744310819270,1756904186129
1756904187.0318983,111004.0,0.00011,buy,423901023227796,1756904186623
1756904187.0318983,111005.0,0.00011,buy,431956671525454,1756904186623
1756904187.0318983,111008.0,0.00011,buy,735660856066560,1756904186623
1756904187.0318983,111009.0,0.00011,buy,426591495127950,1756904186623
1756904187.0318983,111011.0,0.00011,buy,712285877753212,1756904186623
1756904187.0318983,111011.0,0.00918,buy,652784077443818,1756904186623
1756904187.1853867,111010.0,0.00087,sell,864689695921571,1756904186677
1756904187.4157734,111011.0,0.0001,buy,678559212856669,1756904187026
1756904189.5974026,111013.0,0.00011,buy,155505736498431,1756904189037
1756904189.5974026,111014.0,0.00011,buy,54814417371441,1756904189037
1756904189.5974026,111014.0,0.02092,buy,832240425177672,1756904189037
1756904189.5974026,111014.0,0.0005,buy,794087460326285,1756904189037
1756904190.7503831,111015.0,0.00011,buy,853649228962475,1756904190066
1756904190.7503831,111016.0,0.00011,buy,736507926213294,1756904190066
1756904190.7503831,111017.0,0.00011,buy,1061804170615404,1756904190066
1756904190.7503831,111018.0,0.00011,buy,676320245820896,1756904190066
1756904190.7503831,111018.0,0.00104,buy,272520608105512,1756904190066
1756904191.5678518,111017.0,0.05,sell,690259903308769,1756904191031
1756904192.3609884,111019.0,0.00011,buy,14613210170169,1756904192030
1756904192.3609884,111020.0,0.00011,buy,904833378241419,1756904192030
1756904192.3609884,111021.0,0.00011,buy,1042687759775362,1756904192030
1756904192.3609884,111022.0,0.00011,buy,359311956738373,1756904192030
1756904192.3609884,111023.0,0.00011,buy,962713386347591,1756904192030
1756904192.3609884,111024.0,0.00011,buy,28318197660921,1756904192030
1756904192.3609884,111025.0,0.00011,buy,406086141207152,1756904192030
1756904192.3609884,111026.0,0.00011,buy,820880115137244,1756904192030
1756904192.3609884,111027.0,3e-05,buy,457492939884527,1756904192030
1756904193.2376173,111027.0,8e-05,buy,164850942966845,1756904192617
1756904193.2376173,111027.0,0.13507,buy,930092014172209,1756904192617
1756904193.2376173,111027.0,0.18014,buy,1125645193630988,1756904192617
1756904193.2376173,111027.0,0.06809,buy,1013836369854644,1756904192617
1756904193.2376173,111027.0,0.18014,buy,717055556164564,1756904192617
1756904193.2376173,111027.0,0.36004,buy,257981658902218,1756904192617
1756904193.2376173,111027.0,0.36022,buy,918327621617720,1756904192617
1756904193.2376173,111028.0,0.00011,buy,274129599251502,1756904192617
1756904193.2376173,111028.0,0.03598,buy,252216208607885,1756904192617
1756904193.2376173,111029.0,0.00011,buy,308507038282626,1756904192617
1756904193.2376173,111029.0,0.0466,buy,385770928932835,1756904192617
1756904193.2376173,111030.0,0.00011,buy,881216482608340,1756904192617
1756904193.2376173,111031.0,0.00011,buy,452295888925323,1756904192617
1756904193.2376173,111032.0,0.00011,buy,313304815000437,1756904192617
1756904193.2376173,111032.0,0.18193,buy,164268409471121,1756904192617
1756904193.2376173,111032.0,0.54426,buy,676743892305494,1756904192617
1756904194.5810146,111033.0,0.00011,buy,871651660537245,1756904193621
1756904194.5810146,111033.0,0.00349,buy,454282062947741,1756904193621
1756904194.5810146,111033.0,0.00455,buy,579511982732117,1756904193621
1756904194.7606168,111032.0,0.0104,sell,773265075668157,1756904194256
1756904195.0011146,111032.0,0.0209,sell,757057545867937,1756904194374
1756904197.2762942,111043.0,0.01716,buy,595527219665966,1756904196777
1756904198.187075,111043.0,0.01117,buy,753169305188754,1756904197827
1756904199.5766726,111043.0,0.01351,buy,650872506843680,1756904199230
1756904201.425512,111043.0,0.04494,buy,42079174679715,1756904201005
1756904202.4538677,111042.0,0.00025,sell,1062126519286754,1756904202080
1756904202.4538677,111042.0,0.00479,sell,1003925346604051,1756904202080
1756904202.524975,111043.0,0.04819,buy,658627347100662,1756904202202
1756904204.2396388,111043.0,0.00011,buy,595960008861009,1756904203822
1756904204.2396388,111043.0,0.09989,buy,58352373949258,1756904203822
1756904204.5124886,111043.0,0.0001,buy,716348795834003,1756904204018
1756904205.6976786,111043.0,0.03562,buy,986229744028861,1756904205177
1756904205.6976786,111042.0,0.01117,sell,510851733187164,1756904205350
1756904206.3516042,111043.0,0.00035,buy,1054239844138239,1756904206016
1756904206.3865395,111042.0,0.00078,sell,369256328195429,1756904206096
1756904206.3865395,111042.0,0.00078,sell,642450271599218,1756904206096
1756904206.5903971,111042.0,0.0057,sell,55761438824628,1756904206314
1756904206.6514971,111042.0,0.00078,sell,404616496216990,1756904206368
1756904209.439199,111044.0,0.01117,buy,595304787814908,1756904208542
1756904209.439199,111043.0,0.40411,sell,16346694287010,1756904209048
1756904209.439199,111043.0,0.4361,sell,108787826672455,1756904209048
1756904209.439199,111043.0,0.16877,sell,212133641183101,1756904209048
1756904209.439199,111043.0,0.0273,sell,598992068893951,1756904209048
1756904210.2657154,111044.0,0.00953,buy,507422344967935,1756904209947
1756904212.4411724,111044.0,0.0001,buy,943196425527594,1756904212065
1756904212.4411724,111043.0,0.00413,sell,8734843811573,1756904212065
1756904213.299862,111044.0,1e-05,buy,374009756028396,1756904212996
1756904213.299862,111044.0,0.01881,buy,159401897196662,1756904212996
1756904214.4901993,111044.0,0.00017,buy,121196327476659,1756904214000
1756904215.3766909,111044.0,0.00011,buy,592314605488935,1756904215032
1756904215.3766909,111044.0,0.00016,buy,244335125132022,1756904215032
1756904215.5629964,111043.0,0.01117,sell,596069763554315,1756904215222
1756904217.3638377,111044.0,0.0001,buy,263660756770480,1756904217029
1756904219.4213195,111044.0,0.0003,buy,212858193550367,1756904219054
1756904220.4233015,111044.0,0.00149,buy,1097882572664051,1756904220029
1756904222.5031044,111045.0,0.00011,buy,794354549716167,1756904222060
1756904222.5031044,111046.0,0.00011,buy,445305054597284,1756904222060
1756904222.5031044,111047.0,0.00069,buy,739457310239926,1756904222060
1756904222.5031044,111047.0,0.0045,buy,313662038537523,1756904222060
1756904224.4929955,111046.0,0.0158,sell,25202499578730,1756904224014
1756904226.7338588,111047.0,0.04196,buy,774176584210137,1756904226349
1756904226.7338588,111047.0,0.00011,buy,333543279412642,1756904226349
1756904226.7338588,111047.0,0.04597,buy,227403272630545,1756904226349
1756904226.7338588,111048.0,0.00011,buy,489762549769839,1756904226349
1756904226.7338588,111049.0,0.00011,buy,341049041911720,1756904226349
1756904226.7338588,111050.0,0.00011,buy,723116651057685,1756904226349
1756904226.7338588,111051.0,0.00011,buy,808812681506908,1756904226349
1756904226.7338588,111052.0,0.00011,buy,415581124136201,1756904226349
1756904226.7338588,111053.0,0.00011,buy,756670420353108,1756904226349
1756904226.7338588,111054.0,0.00011,buy,333546446709915,1756904226349
1756904226.7338588,111055.0,0.09714,buy,415194101113381,1756904226349
1756904226.7338588,111055.0,0.07394,buy,33019683509026,1756904226349
1756904226.7338588,111055.0,0.00011,buy,145533909839254,1756904226349
1756904226.7338588,111056.0,0.00011,buy,689942000364136,1756904226349
1756904226.7338588,111057.0,0.00011,buy,970647980635168,1756904226349
1756904226.7338588,111058.0,0.00011,buy,1096841319757366,1756904226349
1756904226.7338588,111059.0,0.00011,buy,302873056758306,1756904226349
1756904226.7338588,111060.0,0.00011,buy,57852216326851,1756904226349
1756904226.7338588,111061.0,0.00011,buy,1079704828526775,1756904226349
1756904226.8407466,111062.0,0.00011,buy,871034220594579,1756904226423
1756904226.8407466,111062.0,0.00018,buy,436634896466990,1756904226423
1756904226.8407466,111063.0,0.00011,buy,1122350002026494,1756904226423
1756904226.8407466,111064.0,0.00011,buy,11169765867540,1756904226423
1756904226.8407466,111065.0,0.00011,buy,519171350871381,1756904226423
1756904226.8407466,111066.0,0.00011,buy,952918862417101,1756904226423
1756904226.8407466,111067.0,0.00011,buy,115275637640965,1756904226423
1756904226.8407466,111068.0,0.00011,buy,109075239785876,1756904226423
1756904226.8407466,111069.0,0.00011,buy,210663902836447,1756904226423
1756904226.8407466,111070.0,0.00011,buy,832304292178361,1756904226423
1756904226.8407466,111071.0,0.00011,buy,968914140278168,1756904226423
1756904226.8407466,111072.0,0.00011,buy,896652938185512,1756904226423
1756904226.8407466,111072.0,0.03961,buy,1024067640831510,1756904226423
1756904226.8407466,111072.0,0.0406,buy,382638409959190,1756904226423
1756904226.9238858,111062.0,0.16983,sell,682593471903323,1756904226536
1756904226.9238858,111061.0,0.16983,sell,21106710672417,1756904226536
1756904226.9238858,111061.0,0.16983,sell,814218195538972,1756904226536
1756904226.9238858,111061.0,0.16306,sell,98057846627837,1756904226536
1756904227.8178868,111072.0,0.00011,buy,1062325967724830,1756904227359
1756904227.8178868,111073.0,0.00011,buy,31125411192084,1756904227359
1756904227.8178868,111074.0,0.00011,buy,827315509377794,1756904227359
1756904227.8178868,111075.0,0.00011,buy,301909990236570,1756904227359
1756904227.8178868,111076.0,0.00011,buy,1011865641956682,1756904227359
1756904227.8178868,111077.0,0.00011,buy,163361764454238,1756904227359
1756904227.8178868,111078.0,0.00011,buy,160380703087587,1756904227359
1756904227.8178868,111078.0,0.13501,buy,451020876343063,1756904227359
1756904227.8178868,111079.0,0.00011,buy,277505928484586,1756904227359
1756904227.8178868,111080.0,0.00011,buy,377307195235215,1756904227359
1756904227.8178868,111081.0,0.00011,buy,698558756624338,1756904227359
1756904227.8178868,111082.0,0.00011,buy,742468539868527,1756904227359
1756904227.8178868,111083.0,0.00516,buy,505881454583509,1756904227359
1756904227.8178868,111071.0,0.03521,sell,875019217245893,1756904227359
1756904227.8178868,111071.0,0.14909,sell,1016400990670610,1756904227359
1756904227.8178868,111071.0,0.1157,sell,1039888274883032,1756904227359
1756904228.1255305,111083.0,0.03082,buy,1108386839340306,1756904227546
1756904228.1255305,111083.0,0.00011,buy,964647001577102,1756904227546
1756904228.1255305,111084.0,0.00011,buy,396397098850686,1756904227546
1756904228.1255305,111085.0,0.00011,buy,1052715939856327,1756904227546
1756904228.1255305,111086.0,0.00011,buy,351207129910366,1756904227546
1756904228.1255305,111087.0,0.00011,buy,565578540123915,1756904227546
1756904228.1255305,111088.0,0.00011,buy,251666276176623,1756904227546
1756904228.1255305,111089.0,0.00018,buy,676892036953960,1756904227546
1756904228.1255305,111089.0,0.00011,buy,1075641169465212,1756904227546
1756904228.1255305,111090.0,0.00957,buy,793608719323283,1756904227546
1756904228.1255305,111090.0,0.01215,buy,584637419034484,1756904227546
1756904231.211175,111090.0,0.00011,buy,10692507213959,1756904230567
1756904231.211175,111091.0,0.00011,buy,1014248886890071,1756904230567
1756904231.211175,111092.0,0.00011,buy,429579553663308,1756904230567
1756904231.211175,111093.0,0.00011,buy,188417887939983,1756904230567
1756904231.211175,111094.0,0.00011,buy,1122167994072791,1756904230567
1756904231.211175,111095.0,0.00011,buy,609559716191090,1756904230567
1756904231.211175,111096.0,0.00011,buy,420027482905791,1756904230567
1756904231.211175,111097.0,0.00011,buy,894896712787421,1756904230567
1756904231.211175,111098.0,0.00011,buy,407756939138781,1756904230567
1756904231.211175,111098.0,0.07236,buy,937001479746916,1756904230567
1756904231.5452013,111098.0,0.00025,sell,32568945683411,1756904231034
1756904232.6076643,111099.0,0.00446,sell,353371834560993,1756904232004
1756904232.6076643,111099.0,0.00034,sell,935821956528534,1756904232004
1756904232.8092778,111097.0,0.0036,sell,168799624118523,1756904232287
1756904233.0140362,111089.0,0.00011,sell,871753594512567,1756904232539
1756904233.0140362,111089.0,0.00881,sell,1113532873375931,1756904232539
1756904233.0140362,111088.0,0.00011,sell,627438213880347,1756904232539
1756904233.2560136,111087.0,0.00011,sell,455200746110208,1756904232740
1756904233.2560136,111086.0,0.00011,sell,763787793969673,1756904232740
1756904233.2560136,111085.0,0.00011,sell,502712307821305,1756904232740
1756904233.2560136,111084.0,0.00011,sell,1110088062047494,1756904232740
1756904233.2560136,111083.0,0.00011,sell,610954022085668,1756904232740
1756904233.2560136,111082.0,9e-05,sell,346006300646014,1756904232740
1756904233.651402,111080.0,0.00011,sell,313346130068721,1756904233136
1756904233.651402,111079.0,0.00011,sell,544780910897842,1756904233136
1756904233.651402,111081.0,0.00901,buy,509039810099329,1756904233136
1756904234.5512218,111072.0,0.0001,buy,512618320222660,1756904234021
1756904236.1556854,111072.0,0.0245,buy,20382710179961,1756904235777
1756904236.4409518,111072.0,0.00034,buy,197301021130731,1756904236061
1756904237.2106433,111072.0,0.03796,buy,493309977987397,1756904236941
1756904238.3121066,111071.0,0.00011,sell,1064722705667193,1756904237945
1756904238.3121066,111070.0,0.00011,sell,637072064692240,1756904237945
1756904238.3121066,111069.0,0.00011,sell,344438628611861,1756904237945
1756904238.3121066,111069.0,0.03629,sell,466553791818389,1756904237945
1756904239.530143,111068.0,0.00011,sell,140641196266728,1756904238811
1756904239.8263986,111068.0,0.00953,sell,195484261599806,1756904239366
1756904239.9742856,111068.0,0.00012,sell,1121037181269842,1756904239573
1756904240.191633,111069.0,0.0036,buy,69202498436965,1756904239812
1756904242.3352659,111050.0,0.04199,buy,468088614758637,1756904241810
1756904242.4057198,111050.0,0.0001,buy,874503379185875,1756904242031
1756904242.8432841,111050.0,0.01117,buy,328082175002755,1756904242413
1756904243.3920443,111049.0,0.00313,sell,507071281975609,1756904243055
1756904244.5059013,111050.0,0.00017,buy,125615990361029,1756904244079
1756904245.4069805,111050.0,0.0001,buy,723592522670846,1756904245026
1756904245.4069805,111050.0,0.00016,buy,168630942451848,1756904245026
1756904245.8741307,111050.0,0.18009,buy,394548447291459,1756904245502
1756904246.1926575,111050.0,0.13336,buy,935106797951235,1756904245699
1756904246.1926575,111050.0,0.04655,buy,1041393343446772,1756904245699
1756904246.1926575,111049.0,0.03285,sell,270567144358632,1756904245699
1756904246.1926575,111049.0,0.00356,sell,297105294516005,1756904245699
1756904246.1926575,111049.0,0.00011,sell,45896552089823,1756904245699
1756904246.1926575,111049.0,0.33812,sell,80591404749225,1756904245699
1756904246.373466,111049.0,0.02209,sell,6472366406350,1756904245994
1756904246.373466,111049.0,0.06824,sell,316872960163786,1756904245994
1756904247.2574697,111049.0,0.01117,sell,372670059314072,1756904246953
1756904247.409508,111050.0,0.0001,buy,890127522164616,1756904247016
1756904497.1971552,111044.0,0.00011,sell,191283023742459,1756904493359
1756904497.1971552,111044.0,0.05088,sell,1053091509466073,1756904493359
1756904497.1971552,111043.0,0.007,sell,614803291753512,1756904493359
1756904497.1971552,111043.0,0.00011,sell,127432595723481,1756904493359
1756904497.1971552,111043.0,0.90032,sell,76963781018463,1756904493359
1756904497.1971552,111043.0,0.04145,sell,383608066315572,1756904493359
1756904497.1971552,111042.0,0.003,sell,36947874656916,1756904493359
1756904497.1971552,111042.0,0.00011,sell,797058803344224,1756904493359
1756904497.1971552,111042.0,0.13504,sell,165458436866354,1756904493359
1756904497.1971552,111041.0,0.01801,sell,836992649595896,1756904493359
1756904497.1971552,111041.0,0.00011,sell,667814850843665,1756904493359
1756904497.1971552,111041.0,0.81631,sell,323836512180750,1756904493359
1756904497.1971552,111041.0,0.61379,sell,485593698559653,1756904493359
1756904497.1971552,111040.0,0.00939,sell,984546837210912,1756904493359
1756904497.1971552,111040.0,0.00011,sell,399016860443232,1756904493359
1756904497.1971552,111039.0,0.00011,sell,481822428139272,1756904493359
1756904497.1971552,111038.0,0.00011,sell,635447950575504,1756904493359
1756904497.1971552,111037.0,0.02731,sell,949012898635935,1756904493359
1756904497.1971552,111037.0,0.00011,sell,89280237419077,1756904493359
1756904497.1971552,111037.0,1.35055,sell,765630406422083,1756904493359
1756904497.1971552,111037.0,0.09166,sell,822138836564208,1756904493359
1756904497.1971552,111037.0,0.04503,sell,594727900294509,1756904493359
1756904497.1971552,111036.0,0.00011,sell,520261467328275,1756904493359
1756904497.1971552,111036.0,0.18375,sell,485270717046053,1756904493359
1756904497.1971552,111036.0,0.16647,sell,443731636763771,1756904494439
1756904497.1971552,111036.0,0.03213,sell,41965514633473,1756904494439
1756904497.1971552,111037.0,0.00011,buy,264628718718871,1756904494498
1756904497.1971552,111039.0,0.04438,sell,7805319621317,1756904495107
1756904497.1971552,111039.0,0.17495,sell,454330670426799,1756904495107
1756904497.1971552,111043.0,0.33803,buy,476901592262128,1756904495564
1756904498.9161427,111042.0,0.00173,sell,895725828184140,1756904498531
1756904499.6730788,111042.0,0.0012,sell,808184747998688,1756904499239
1756904500.694464,111042.0,0.00011,sell,503396225001204,1756904500307
1756904500.694464,111042.0,0.00881,sell,853784756209240,1756904500307
1756904500.694464,111041.0,0.00011,sell,272014220995819,1756904500307
1756904500.694464,111040.0,0.00011,sell,497164070551108,1756904500307
1756904500.694464,111039.0,0.00011,sell,336755673732996,1756904500307
1756904500.694464,111039.0,0.06915,sell,1011667392006351,1756904500307
1756904500.694464,111038.0,0.00011,sell,351863854825495,1756904500307
1756904500.694464,111037.0,0.00011,sell,287189513273619,1756904500307
1756904500.694464,111036.0,0.00011,sell,990731025575984,1756904500307
1756904500.694464,111035.0,0.00011,sell,431135367485493,1756904500307
1756904500.694464,111035.0,0.02116,sell,772860770073915,1756904500307
1756904501.3512511,111034.0,0.00025,sell,335030405811832,1756904501031
1756904551.7549212,111173.0,0.041,buy,932321387184584,1756904551426
1756904551.7549212,111173.0,0.041,buy,538551210545669,1756904551426
1756904551.7549212,111173.0,0.041,buy,790132979663903,1756904551426
1756904551.7549212,111173.0,0.041,buy,684817566790756,1756904551426
1756904551.7549212,111173.0,0.041,buy,625207576131209,1756904551426
1756904551.7549212,111173.0,0.041,buy,304735259230384,1756904551426
1756904551.7549212,111173.0,0.041,buy,825415993513350,1756904551426
1756904551.7549212,111173.0,0.041,buy,295956805909073,1756904551426
1756904551.7549212,111173.0,0.041,buy,1048574741184811,1756904551426
1756904551.7549212,111173.0,0.041,buy,373569739073637,1756904551426
1756904551.7549212,111173.0,0.041,buy,107111219727003,1756904551426
1756904551.7549212,111173.0,0.67426,buy,602796980178953,1756904551426
1756904551.7549212,111173.0,1.63567,buy,851079140449422,1756904551426
1756904551.7549212,111174.0,0.2,buy,665492352857817,1756904551426
1756904551.7549212,111174.0,0.041,buy,1042205204352454,1756904551426
1756904551.7549212,111174.0,0.041,buy,1035217044764884,1756904551426
1756904551.7549212,111174.0,0.00011,buy,156266296539850,1756904551426
1756904551.7549212,111174.0,0.041,buy,1075821474243625,1756904551426
1756904551.7549212,111174.0,0.041,buy,516379316562870,1756904551426
1756904551.7549212,111174.0,0.041,buy,834086467179448,1756904551426
1756904551.7549212,111174.0,0.041,buy,260520882645236,1756904551426
1756904551.7549212,111174.0,0.041,buy,976269434663154,1756904551426
1756904551.7549212,111174.0,0.041,buy,535219722302762,1756904551426
1756904551.7549212,111174.0,0.041,buy,890390746452997,1756904551426
1756904551.7549212,111174.0,0.041,buy,988569270870218,1756904551426
1756904551.7549212,111174.0,0.041,buy,640839004838034,1756904551426
1756904551.7549212,111174.0,0.041,buy,29867743645703,1756904551426
1756904551.7549212,111174.0,0.041,buy,527619587264587,1756904551426
1756904551.7549212,111174.0,0.53958,buy,29838021748841,1756904551426
1756904551.7549212,111174.0,0.12225,buy,812514288483057,1756904551426
1756904552.2537775,111152.0,0.00011,buy,95984284889171,1756904551426
1756904552.2537775,111152.0,0.64982,buy,496286961650893,1756904551426
1756904552.2537775,111152.0,0.03598,buy,35771457569753,1756904551426
1756904552.2537775,111152.0,0.08996,buy,1103839714850193,1756904551426
1756904552.2537775,111152.0,0.11,buy,647077257029765,1756904551426
1756904552.2537775,111152.0,0.01618,buy,1007914591779505,1756904551426
1756904552.2537775,111152.0,0.01618,buy,1082867373456433,1756904551426
1756904552.2537775,111152.0,1.14056,buy,114635506835504,1756904551426
1756904552.2537775,111152.0,0.0088,buy,476998339819695,1756904551426
1756904552.2537775,111153.0,0.00011,buy,515666195430434,1756904551426
1756904552.2537775,111154.0,0.00011,buy,962434530439703,1756904551426
1756904552.2537775,111155.0,0.0405,buy,656135882555237,1756904551426
1756904552.2537775,111155.0,0.00011,buy,986384103240074,1756904551426
1756904552.2537775,111156.0,0.00011,buy,462678800686633,1756904551426
1756904552.2537775,111156.0,0.76679,buy,165163507445249,1756904551426
1756904552.2537775,111156.0,0.32365,buy,257228193389995,1756904551426
1756904552.2537775,111157.0,0.01799,buy,234277002634793,1756904551426
1756904552.2537775,111157.0,0.00011,buy,418385617347674,1756904551426
1756904552.2537775,111157.0,0.04498,buy,1070352917794155,1756904551426
1756904552.2537775,111157.0,0.0691,buy,1088642823954402,1756904551426
1756904552.2537775,111158.0,0.00011,buy,1106358150578030,1756904551426
1756904552.2537775,111159.0,0.00011,buy,1106190854520604,1756904551426
1756904552.2537775,111159.0,0.53966,buy,85399639145668,1756904551426
1756904552.2537775,111159.0,0.04498,buy,688880724855178,1756904551426
1756904552.2537775,111160.0,0.00044,buy,380706573825895,1756904551426
1756904552.2537775,111160.0,0.1,buy,384229059631745,1756904551426
1756904552.2537775,111160.0,0.00011,buy,1047653844248537,1756904551426
1756904552.2537775,111161.0,0.00011,buy,766434059041932,1756904551426
1756904552.2537775,111161.0,0.0014,buy,881822650490191,1756904551426
1756904552.2537775,111161.0,0.06987,buy,600525887684,1756904551426
1756904552.2537775,111161.0,0.14425,buy,476886834007560,1756904551426
1756904552.2537775,111161.0,0.31477,buy,1121944167049591,1756904551426
1756904552.2537775,111162.0,0.041,buy,274983312883103,1756904551426
1756904552.2537775,111162.0,0.041,buy,1042289695348925,1756904551426
1756904552.2537775,111162.0,0.041,buy,808861129628581,1756904551426
1756904552.2537775,111162.0,0.00011,buy,49833352527247,1756904551426
1756904552.2537775,111162.0,0.73943,buy,13199407265066,1756904551426
1756904552.2537775,111162.0,0.39775,buy,358402571491239,1756904551426
1756904552.2537775,111163.0,0.041,buy,108325059160777,1756904551426
1756904552.2537775,111163.0,0.01799,buy,948918852292234,1756904551426
1756904552.2537775,111163.0,0.041,buy,486503036407183,1756904551426
1756904552.2537775,111163.0,0.00011,buy,206484556727888,1756904551426
1756904552.2537775,111163.0,0.121,buy,737363389670249,1756904551426
1756904552.2537775,111163.0,0.53964,buy,13357638409932,1756904551426
1756904552.2537775,111163.0,0.92043,buy,845603134274940,1756904551426
1756904552.2537775,111164.0,0.11499,buy,611949347001377,1756904551426
1756904552.2537775,111164.0,0.041,buy,316379856038553,1756904551426
1756904552.2537775,111164.0,0.44979,buy,518922522848013,1756904551426
1756904552.2537775,111164.0,0.00011,buy,333625628779041,1756904551426
1756904552.2537775,111164.0,0.03487,buy,252896932305227,1756904551426
1756904552.2537775,111164.0,0.82078,buy,444106472126878,1756904551426
1756904552.2537775,111165.0,0.041,buy,467032012198074,1756904551426
1756904552.2537775,111165.0,0.041,buy,596617805771686,1756904551426
1756904552.2537775,111165.0,0.041,buy,303387108449562,1756904551426
1756904552.2537775,111165.0,0.00011,buy,1107073703404733,1756904551426
1756904552.2537775,111165.0,0.34982,buy,1011088666877550,1756904551426
1756904552.2537775,111165.0,0.06297,buy,332640895968142,1756904551426
1756904552.2537775,111166.0,0.041,buy,8076230102117,1756904551426
1756904552.2537775,111166.0,0.00011,buy,5947948853325,1756904551426
1756904552.2537775,111167.0,0.00011,buy,965298829125537,1756904551426
1756904552.2537775,111167.0,0.44266,buy,933494711783353,1756904551426
1756904552.2537775,111167.0,1.14585,buy,401904257282182,1756904551426
1756904552.2537775,111167.0,0.89936,buy,415540594874231,1756904551426
1756904552.2537775,111167.0,0.26948,buy,1112251719018869,1756904551426
1756904552.2537775,111168.0,0.92043,buy,945397466678717,1756904551426
1756904552.2537775,111168.0,0.063,buy,639114652707304,1756904551426
1756904552.2537775,111168.0,0.00734,buy,1106789193299628,1756904551426
1756904552.2537775,111168.0,0.00011,buy,176070345427707,1756904551426
1756904552.2537775,111168.0,0.00275,buy,841342495706514,1756904551426
1756904552.2537775,111168.0,2.48256,buy,416664725085916,1756904551426
1756904552.2537775,111169.0,0.01799,buy,246653243046478,1756904551426
1756904552.2537775,111169.0,0.00011,buy,275808037894046,1756904551426
1756904552.2537775,111169.0,0.31475,buy,468893444099305,1756904551426
1756904552.2537775,111170.0,0.44978,buy,532939388607914,1756904551426
1756904552.2537775,111170.0,0.00011,buy,320498417708325,1756904551426
1756904552.2537775,111170.0,0.4,buy,1117171247571640,1756904551426
1756904552.2537775,111171.0,0.0405,buy,112991873047086,1756904551426
1756904552.2537775,111171.0,0.00011,buy,259935935072879,1756904551426
1756904552.2537775,111171.0,2.71173,buy,181645768445631,1756904551426
1756904552.2537775,111171.0,0.12593,buy,60456190975638,1756904551426
1756904552.2537775,111172.0,0.92043,buy,395310863787531,1756904551426
1756904552.2537775,111172.0,0.2704,buy,480067973313359,1756904551426
1756904552.2537775,111172.0,0.41133,buy,850296078376056,1756904551426
1756904552.2537775,111172.0,0.00011,buy,857394613866468,1756904551426
1756904552.2537775,111173.0,0.26948,buy,1010117151828010,1756904551426
1756904552.2537775,111173.0,0.041,buy,1046474569581934,1756904551426
1756904552.2537775,111173.0,0.00011,buy,951011068047012,1756904551426
1756904552.2537775,111173.0,0.041,buy,221724247631595,1756904551426
1756904552.2537775,111173.0,0.041,buy,725733784291635,1756904551426
1756904552.2537775,111173.0,0.041,buy,522021546959865,1756904551426
1756904552.2537775,111173.0,0.041,buy,796398980964308,1756904551426
1756904552.2537775,111173.0,0.041,buy,932321387184584,1756904551426
1756904552.2537775,111173.0,0.041,buy,538551210545669,1756904551426
1756904552.2537775,111173.0,0.041,buy,790132979663903,1756904551426
1756904552.2537775,111173.0,0.041,buy,684817566790756,1756904551426
1756904552.2537775,111173.0,0.041,buy,625207576131209,1756904551426
1756904552.2537775,111173.0,0.041,buy,304735259230384,1756904551426
1756904552.2537775,111173.0,0.041,buy,825415993513350,1756904551426
1756904552.2537775,111173.0,0.041,buy,295956805909073,1756904551426
1756904552.2537775,111173.0,0.041,buy,1048574741184811,1756904551426
1756904552.2537775,111173.0,0.041,buy,373569739073637,1756904551426
1756904552.2537775,111173.0,0.041,buy,107111219727003,1756904551426
1756904552.2537775,111173.0,0.67426,buy,602796980178953,1756904551426
1756904552.2537775,111173.0,1.63567,buy,851079140449422,1756904551426
1756904552.2537775,111174.0,0.2,buy,665492352857817,1756904551426
1756904552.2537775,111174.0,0.041,buy,1042205204352454,1756904551426
1756904552.2537775,111174.0,0.041,buy,1035217044764884,1756904551426
1756904552.2537775,111174.0,0.00011,buy,156266296539850,1756904551426
1756904552.2537775,111174.0,0.041,buy,1075821474243625,1756904551426
1756904552.2537775,111174.0,0.041,buy,516379316562870,1756904551426
1756904552.2537775,111174.0,0.041,buy,834086467179448,1756904551426
1756904552.2537775,111174.0,0.041,buy,260520882645236,1756904551426
1756904552.2537775,111174.0,0.041,buy,976269434663154,1756904551426
1756904552.2537775,111174.0,0.041,buy,535219722302762,1756904551426
1756904552.2537775,111174.0,0.041,buy,890390746452997,1756904551426
1756904552.2537775,111174.0,0.041,buy,988569270870218,1756904551426
1756904552.2537775,111174.0,0.041,buy,640839004838034,1756904551426
1756904552.2537775,111174.0,0.041,buy,29867743645703,1756904551426
1756904552.2537775,111174.0,0.041,buy,527619587264587,1756904551426
1756904552.2537775,111174.0,0.53958,buy,29838021748841,1756904551426
1756904552.2537775,111174.0,0.12225,buy,812514288483057,1756904551426
1756904552.6928592,111173.0,0.00091,buy,1114421979479666,1756904552067
1756904552.693867,111173.0,0.121,buy,356412400480497,1756904552273
1756904552.693867,111173.0,0.01447,buy,27583061002628,1756904552273
1756904553.924296,111173.0,0.61856,buy,537965552522077,1756904553547
1756904553.924296,111173.0,0.0691,buy,805132185486289,1756904553547
1756904553.924296,111173.0,0.00011,buy,227423074496726,1756904553547
1756904553.924296,111173.0,0.53964,buy,475870648388588,1756904553547
1756904553.924296,111173.0,1.34911,buy,862042319631255,1756904553547
1756904553.924296,111173.0,0.1349,buy,223457468033682,1756904553547
1756904553.924296,111173.0,0.13492,buy,940556618210806,1756904553547
1756904553.924296,111173.0,0.41207,buy,67954002535356,1756904553547
1756904553.924296,111173.0,0.17004,buy,96090364049733,1756904553547
1756904553.924296,111173.0,0.4,buy,219099726552811,1756904553547
1756904553.924296,111173.0,2.69795,buy,892750595758512,1756904553547
1756904553.924296,111173.0,2.69811,buy,759765729098399,1756904553547
1756904553.924296,111173.0,0.17989,buy,238848902245429,1756904553547
1756904553.924296,111173.0,0.11,buy,721539807078140,1756904553547
1756904553.924296,111173.0,0.11,buy,764479212445178,1756904553547
1756904553.924296,111173.0,0.08994,buy,1025421907414803,1756904553547
1756904553.924296,111173.0,0.00015,buy,247477027451671,1756904553547
1756904553.924296,111173.0,0.53962,buy,821694651230230,1756904553547
1756904553.924296,111174.0,0.00011,buy,1091803283583262,1756904553547
1756904553.924296,111174.0,0.8161,buy,425310997624402,1756904553547
1756904553.924296,111174.0,0.43028,buy,902977881093471,1756904553547
1756904553.924296,111175.0,0.041,buy,342561665018750,1756904553547
1756904553.924296,111175.0,0.041,buy,100924015026301,1756904553547
1756904553.924296,111175.0,0.01798,buy,2754640951492,1756904553547
1756904553.924296,111175.0,0.00011,buy,18494239366257,1756904553547
1756904553.924296,111175.0,0.31473,buy,494251293736544,1756904553547
1756904553.924296,111176.0,0.00011,buy,728579935187356,1756904553547
1756904553.924296,111177.0,0.11499,buy,142140526784195,1756904553547
1756904553.924296,111177.0,0.26948,buy,1014630886897236,1756904553547
1756904553.924296,111177.0,0.041,buy,1001774173399097,1756904553547
1756904553.924296,111177.0,0.041,buy,1025122004742664,1756904553547
1756904553.924296,111177.0,0.041,buy,325351327215619,1756904553547
1756904553.924296,111177.0,0.01798,buy,698583087999344,1756904553547
1756904553.924296,111177.0,0.121,buy,731557527408140,1756904553547
1756904553.924296,111177.0,0.00011,buy,1053552200847444,1756904553547
1756904553.924296,111178.0,0.92043,buy,502382096144751,1756904553547
1756904553.924296,111178.0,0.00011,buy,672630912325192,1756904553547
1756904553.924296,111179.0,0.53956,buy,662388981392037,1756904553547
1756904553.924296,111179.0,1.12268,buy,616821905065903,1756904553547
1756904553.924296,111179.0,0.00011,buy,761178894643025,1756904553547
1756904553.924296,111180.0,0.00044,buy,678655987899136,1756904553547
1756904553.924296,111180.0,0.44972,buy,443260902618204,1756904553547
1756904553.924296,111180.0,0.08,buy,867329416514871,1756904553547
1756904553.924296,111180.0,0.00011,buy,748740637625986,1756904553547
1756904553.924296,111181.0,0.92043,buy,883095075451312,1756904553547
1756904553.924296,111181.0,0.26948,buy,737469135099393,1756904553547
1756904553.924296,111181.0,0.2704,buy,556809907951143,1756904553547
1756904553.924296,111181.0,0.01798,buy,936933349073037,1756904553547
1756904553.924296,111181.0,0.08994,buy,48426560713078,1756904553547
1756904553.924296,111181.0,0.00011,buy,1007066389486142,1756904553547
1756904553.924296,111182.0,0.00011,buy,377013389679008,1756904553547
1756904553.924296,111182.0,0.14,buy,1081049477021436,1756904553547
1756904553.924296,111182.0,0.53955,buy,861014280692611,1756904553547
1756904553.924296,111182.0,0.07079,buy,1091267128586064,1756904553547
1756904553.924296,111183.0,0.00675,buy,447713618856031,1756904553547
1756904553.924296,111183.0,0.0014,buy,61096093452482,1756904553547
1756904553.924296,111183.0,0.06296,buy,637632030860648,1756904553547
1756904553.924296,111183.0,0.00011,buy,298233210268525,1756904553547
1756904553.924296,111183.0,2.87886,buy,215712953001096,1756904553547
1756904553.924296,111184.0,0.00011,buy,233546205637958,1756904553547
1756904553.924296,111184.0,0.041,buy,1023234519034518,1756904553547
1756904553.924296,111184.0,0.041,buy,418257262086110,1756904553547
1756904553.924296,111184.0,0.041,buy,25266797632672,1756904553547
1756904553.924296,111184.0,0.041,buy,253660893493247,1756904553547
1756904553.924296,111184.0,0.041,buy,719497917251808,1756904553547
1756904553.924296,111184.0,0.041,buy,642288143157458,1756904553547
1756904553.924296,111184.0,0.041,buy,357824337006904,1756904553547
1756904553.924296,111184.0,0.041,buy,448618255249661,1756904553547
1756904553.924296,111184.0,0.041,buy,992167283047559,1756904553547
1756904553.924296,111184.0,0.041,buy,766632679825944,1756904553547
1756904553.924296,111184.0,0.67501,buy,691437165035725,1756904553547
1756904553.924296,111184.0,0.99451,buy,120381812647644,1756904553547
1756904554.7629166,111183.0,0.00039,sell,363506303728396,1756904554228
1756904555.4123614,111183.0,0.00044,sell,1007968939998866,1756904555045
1756904555.4123614,111183.0,0.00044,sell,711739675321997,1756904555045
1756904556.0803456,111184.0,0.61638,buy,925890078639713,1756904555780
1756904556.0803456,111184.0,0.15,buy,293683964488779,1756904555780
1756904556.0803456,111184.0,0.15,buy,821488120277673,1756904555780
1756904556.0803456,111184.0,0.15,buy,419350251620989,1756904555780
1756904556.0803456,111184.0,0.15,buy,832752593226649,1756904555780
1756904556.0803456,111184.0,0.15,buy,732107630348875,1756904555780
1756904556.0803456,111184.0,0.68484,buy,829654309881786,1756904555780
1756904556.0803456,111184.0,0.4127,buy,795101730685346,1756904555780
1756904556.0803456,111184.0,0.15,buy,1026781663806112,1756904555780
1756904556.0803456,111184.0,0.17988,buy,588273693521510,1756904555780
1756904556.0803456,111184.0,0.087,buy,908088177430820,1756904555780
1756904556.0803456,111184.0,0.02336,buy,794556398729709,1756904555780
1756904556.0803456,111184.0,0.1799,buy,224438530184432,1756904555780
1756904556.0803456,111184.0,0.1799,buy,270891831555726,1756904555780
1756904556.0803456,111184.0,0.121,buy,485119825035715,1756904555780
1756904556.0803456,111184.0,0.03598,buy,821978211608816,1756904555780
1756904556.0803456,111184.0,0.11,buy,80569876404938,1756904555780
1756904556.0803456,111184.0,0.11,buy,989583772042801,1756904555780
1756904556.0803456,111184.0,0.00015,buy,457953261862598,1756904555780
1756904556.0803456,111184.0,0.08994,buy,732067927103942,1756904555780
1756904556.0803456,111184.0,0.00011,buy,233574396912587,1756904555780
1756904556.0803456,111184.0,0.44971,buy,464496774728835,1756904555780
1756904556.0803456,111184.0,0.89929,buy,129176733142991,1756904555780
1756904556.0803456,111184.0,0.34407,buy,999927316824817,1756904555780
1756904556.0803456,111184.0,0.43316,buy,67911986626572,1756904555780
1756904556.0803456,111184.0,0.06909,buy,733688373062538,1756904555780
1756904556.0803456,111184.0,1.79845,buy,736018084009428,1756904555780
1756904556.0803456,111184.0,1.34884,buy,356007433554077,1756904555780
1756904556.0803456,111184.0,1.34902,buy,192842109682984,1756904555780
1756904556.0803456,111184.0,0.4,buy,528122550701608,1756904555780
1756904556.0803456,111184.0,0.04497,buy,520947971837960,1756904555780
1756904556.0803456,111184.0,0.13488,buy,331976084211091,1756904555780
1756904556.0803456,111184.0,0.1349,buy,940284775222634,1756904555780
1756904556.0803456,111184.0,0.00881,buy,42637055432360,1756904555780
1756904556.0803456,111184.0,0.5396,buy,835610685705306,1756904555780
1756904556.0803456,111185.0,0.26948,buy,675333113305541,1756904555780
1756904556.0803456,111185.0,0.063,buy,539262968808710,1756904555780
1756904556.0803456,111185.0,0.041,buy,565234318930631,1756904555780
1756904556.0803456,111185.0,0.041,buy,370872373979118,1756904555780
1756904556.0803456,111185.0,0.00011,buy,30975773693044,1756904555780
1756904556.0803456,111185.0,0.041,buy,874040870626816,1756904555780
1756904556.0803456,111185.0,0.041,buy,88491616274551,1756904555780
1756904556.0803456,111185.0,0.041,buy,254771857993068,1756904555780
1756904556.0803456,111185.0,1.1113,buy,890894137605078,1756904555780
1756904556.0803456,111185.0,0.3147,buy,780031557145453,1756904555780
1756904556.0803456,111186.0,0.11499,buy,655160429981905,1756904555780
1756904556.0803456,111186.0,0.92043,buy,1058746577568288,1756904555780
1756904556.0803456,111186.0,0.041,buy,904025432142218,1756904555780
1756904556.0803456,111186.0,0.041,buy,74421248954565,1756904555780
1756904556.0803456,111186.0,0.041,buy,501192121534717,1756904555780
1756904556.0803456,111186.0,0.041,buy,1038157029611894,1756904555780
1756904556.0803456,111186.0,0.00011,buy,1007450048486455,1756904555780
1756904556.0803456,111186.0,0.04496,buy,550261910399078,1756904555780
1756904556.0803456,111186.0,1.44677,buy,699286113160942,1756904555780
1756904556.0803456,111186.0,0.53952,buy,216943436830598,1756904555780
1756904556.0803456,111187.0,0.01798,buy,358719093960709,1756904555780
1756904556.0803456,111187.0,0.00011,buy,771464952709484,1756904555780
1756904556.0803456,111187.0,0.2704,buy,288932734557865,1756904555780
1756904556.0803456,111188.0,0.00011,buy,304772862472633,1756904555780
1756904556.0803456,111189.0,0.26948,buy,494217868910957,1756904555780
1756904556.0803456,111189.0,0.92043,buy,439031083556546,1756904555780
1756904556.0803456,111189.0,0.00011,buy,497704229834662,1756904555780
1756904556.0803456,111189.0,0.06296,buy,802258552909312,1756904555780
1756904556.0803456,111190.0,0.4497,buy,963157368067675,1756904555780
1756904556.0803456,111190.0,0.00011,buy,509141119142705,1756904555780
1756904556.0803456,111190.0,0.1,buy,570101465075578,1756904555780
1756904556.0803456,111190.0,0.01798,buy,888861434148944,1756904555780
1756904556.0803456,111190.0,0.4,buy,1089338877209345,1756904555780
1756904556.0803456,111190.0,2.23992,buy,550301017373376,1756904555780
1756904556.0803456,111191.0,0.041,buy,151892784710547,1756904555780
1756904556.0803456,111191.0,0.00011,buy,255406996706651,1756904555780
1756904556.0803456,111192.0,0.00011,buy,522091269116669,1756904555780
1756904556.0803456,111192.0,1.349,buy,320893916843901,1756904555780
1756904556.6811037,111192.0,0.00022,buy,194713484434391,1756904556348
1756904557.2099338,111191.0,0.00013,sell,910762977970830,1756904556439
1756904557.5929074,111191.0,0.00044,sell,964766130822714,1756904556923
1756904557.5929074,111191.0,0.00044,sell,766621687499731,1756904556923
1756904558.7000275,111192.0,0.00253,buy,807044280696056,1756904558313
1756904558.7615137,111192.0,0.00844,buy,266304873121244,1756904558399
1756904558.7615137,111191.0,0.01089,sell,972189421453905,1756904558399
1756904559.3267167,111192.0,0.40189,buy,962836863817035,1756904558708
1756904559.3267167,111192.0,0.70768,buy,75957246521222,1756904558708
1756904559.3267167,111192.0,0.055,buy,86866432270906,1756904558708
1756904559.3267167,111192.0,0.11,buy,116431259705214,1756904558708
1756904559.3267167,111192.0,0.44967,buy,374755757083806,1756904558708
1756904559.3267167,111192.0,0.00011,buy,758404056437124,1756904558708
1756904559.3267167,111192.0,0.08993,buy,711048777683283,1756904558708
1756904559.3267167,111192.0,0.11,buy,1082003110216697,1756904558708
1756904559.3267167,111192.0,0.04496,buy,1085485706345409,1756904558708
1756904559.3267167,111192.0,0.47279,buy,597027331232342,1756904558708
1756904559.3267167,111192.0,0.00881,buy,821039698462646,1756904558708
1756904559.3267167,111192.0,2.69754,buy,84029824440656,1756904558708
1756904559.3267167,111192.0,2.69771,buy,744231106289758,1756904558708
1756904559.3267167,111192.0,0.53955,buy,962576919771999,1756904558708
1756904559.3267167,111192.0,1.34888,buy,1009122207454650,1756904558708
1756904559.3267167,111192.0,0.8992,buy,72079471981164,1756904558708
1756904559.3267167,111192.0,0.53949,buy,802611456946117,1756904558708
1756904559.3267167,111192.0,1.17923,buy,575575136854385,1756904558708
1756904559.3267167,111192.0,0.01617,buy,285578614041179,1756904558708
1756904559.3267167,111192.0,1.34874,buy,169081505617180,1756904558708
1756904559.3267167,111192.0,1.79834,buy,305240128640982,1756904558708
1756904559.3267167,111192.0,0.13425,buy,355536418435018,1756904558708
1756904559.3267167,111192.0,2.69755,buy,354931502221087,1756904558708
1756904559.3267167,111192.0,0.01617,buy,699356776936159,1756904558708
1756904559.3267167,111192.0,0.1,buy,751775449806401,1756904558708
1756904559.3267167,111192.0,0.1,buy,940528063339006,1756904558708
1756904559.3267167,111192.0,0.15,buy,809090844062277,1756904558708
1756904559.3267167,111192.0,0.13488,buy,780057272563306,1756904558708
1756904559.3267167,111192.0,0.1349,buy,520724419228957,1756904558708
1756904559.3267167,111192.0,0.15,buy,195928384804004,1756904558708
1756904559.3267167,111192.0,0.2,buy,1106324890032684,1756904558708
1756904559.3267167,111192.0,0.32844,buy,843702985521397,1756904558708
1756904559.3267167,111192.0,0.06908,buy,413564659816361,1756904558708
1756904559.3267167,111192.0,2.2479,buy,642583974816146,1756904558708
1756904559.3267167,111192.0,0.17917,buy,232562230234941,1756904558708
1756904559.3267167,111192.0,0.08849,buy,298661454724491,1756904558708
1756904559.3267167,111192.0,0.13737,buy,727608315886057,1756904558708
1756904559.3267167,111192.0,0.121,buy,702179875172224,1756904558708
1756904559.3267167,111192.0,0.0001,buy,472801528668804,1756904558708
1756904559.3267167,111192.0,0.0001,buy,878526793074498,1756904558708
1756904559.3267167,111192.0,0.3201,buy,113730411193352,1756904558708
1756904559.3267167,111192.0,0.01799,buy,278675086444088,1756904558708
1756904559.3267167,111192.0,0.17663,buy,1024005894136846,1756904558708
1756904559.32777,111191.0,0.00011,sell,1022640901524839,1756904558822
1756904559.32777,111190.0,0.00011,sell,1123070511963567,1756904558822
1756904559.32777,111189.0,0.00011,sell,252975655128265,1756904558822
1756904559.6939304,111188.0,0.00011,sell,291840660003935,1756904559293
1756904559.7885797,111184.0,0.00011,sell,648704637253824,1756904559345
1756904559.7885797,111183.0,0.005,sell,335948245541893,1756904559345
1756904559.7885797,111181.0,0.00011,sell,884852346250057,1756904559345
1756904559.7885797,111180.0,0.00011,sell,385263129705263,1756904559345
1756904559.7885797,111179.0,0.00011,sell,635274098012627,1756904559345
1756904559.7885797,111178.0,0.00011,sell,273062747591620,1756904559345
1756904559.7885797,111177.0,0.00011,sell,238095971933483,1756904559345
1756904559.7885797,111176.0,0.00011,sell,570828208784998,1756904559345
1756904559.7885797,111175.0,0.00011,sell,370310569243626,1756904559345
1756904559.7885797,111174.0,0.00011,sell,444448507417021,1756904559345
1756904559.7885797,111173.0,0.00011,sell,308889569702401,1756904559345
1756904559.7885797,111172.0,0.00011,sell,565926218097406,1756904559345
1756904559.7885797,111171.0,0.00011,sell,1046939912545720,1756904559345
1756904559.7885797,111170.0,0.00011,sell,662691394822238,1756904559345
1756904559.7885797,111169.0,0.00011,sell,603818070007809,1756904559345
1756904559.7885797,111168.0,0.00011,sell,552809176461296,1756904559345
1756904559.7885797,111167.0,0.00011,sell,1113063958486285,1756904559345
1756904559.7885797,111166.0,0.00011,sell,343303666032206,1756904559345
1756904559.7885797,111165.0,0.00011,sell,1018257287184939,1756904559345
1756904559.7885797,111164.0,0.00011,sell,963260259038447,1756904559345
1756904559.7885797,111163.0,0.00011,sell,865001713813329,1756904559345
1756904559.7885797,111162.0,0.00011,sell,937064225541520,1756904559345
1756904559.7885797,111161.0,0.00011,sell,1029260454536100,1756904559345
1756904559.7885797,111160.0,0.00011,sell,783653544855364,1756904559345
1756904559.7885797,111160.0,0.00901,sell,18402410124643,1756904559345
1756904559.7885797,111159.0,0.00011,sell,701024269725855,1756904559345
1756904559.7885797,111158.0,0.00011,sell,63486684632484,1756904559345
1756904559.7885797,111157.0,0.00011,sell,629391152441244,1756904559345
1756904559.7885797,111157.0,0.09392,sell,411147911221020,1756904559345
1756904561.4382114,111165.0,0.00024,sell,790237355432860,1756904561063
1756904561.912184,111166.0,0.25,buy,419665589079303,1756904561447
1756904561.912184,111166.0,0.58551,buy,282303663393126,1756904561447
1756904561.912184,111166.0,0.25,buy,200629518761647,1756904561447
1756904561.912184,111166.0,0.15977,buy,1095795243947039,1756904561447
1756904561.912184,111166.0,0.33882,buy,796896978695856,1756904561447
1756904561.912184,111166.0,0.25,buy,1120250121636808,1756904561447
1756904561.912184,111166.0,0.02068,buy,383662225343804,1756904561447
1756904561.912184,111166.0,2.24798,buy,459278077719100,1756904561447
1756904561.912184,111166.0,0.03598,buy,497975899642990,1756904561447
1756904561.912184,111166.0,0.04497,buy,1034251456028095,1756904561447
1756904561.912184,111166.0,0.49642,buy,247159418692863,1756904561447
1756904561.912184,111166.0,1.17951,buy,487924784307473,1756904561447
1756904561.912184,111166.0,0.01863,buy,620439661201315,1756904561447
1756904561.912184,111166.0,0.01618,buy,346268949531717,1756904561447
1756904561.912184,111166.0,0.01618,buy,374283773699156,1756904561447
1756904561.912184,111166.0,0.0036,buy,347489943654150,1756904561447
1756904561.912184,111166.0,0.53962,buy,225279196549719,1756904561447
1756904561.912184,111166.0,0.53962,buy,840058311186933,1756904561447
1756904561.912184,111166.0,1.34906,buy,87440935484938,1756904561447
1756904561.912184,111167.0,0.53962,buy,757647817889174,1756904561447
1756904561.912184,111168.0,0.04497,buy,408713055646991,1756904561447
1756904561.912184,111169.0,0.01799,buy,130015466975721,1756904561447
1756904561.912184,111169.0,1.34901,buy,304604638337392,1756904561447
1756904561.912184,111170.0,0.1,buy,493391408104297,1756904561447
1756904561.912184,111170.0,0.1,buy,375168643935817,1756904561447
1756904561.912184,111170.0,0.02249,buy,566381419244412,1756904561447
1756904561.912184,111170.0,0.5396,buy,186473807065161,1756904561447
1756904561.912184,111170.0,0.31474,buy,1003754172882414,1756904561447
1756904561.912184,111170.0,0.02249,buy,263961512872630,1756904561447
1756904561.912184,111172.0,0.121,buy,1114301848154766,1756904561447
1756904561.912184,111172.0,0.13489,buy,865673592832692,1756904561447
1756904561.912184,111174.0,1.60462,buy,64686591610120,1756904561447
1756904561.912184,111175.0,0.08994,buy,850729216836793,1756904561447
1756904561.912184,111175.0,0.06977,buy,15987862842905,1756904561447
1756904561.912184,111175.0,0.01798,buy,717591701730149,1756904561447
1756904561.912184,111175.0,0.14449,buy,776421272788521,1756904561447
1756904561.912184,111175.0,0.2704,buy,1023652144593083,1756904561447
1756904561.912184,111175.0,0.92043,buy,840650804538774,1756904561447
1756904561.912184,111175.0,0.89929,buy,502879244098731,1756904561447
1756904561.912184,111176.0,0.31473,buy,756040465186512,1756904561447
1756904561.912184,111178.0,0.26948,buy,230824089273345,1756904561447
1756904561.912184,111179.0,0.01345,buy,476715166729170,1756904561447
1756904561.912184,111179.0,0.06296,buy,1038985470552773,1756904561447
1756904561.912184,111180.0,0.92043,buy,823696681086194,1756904561447
1756904561.912184,111180.0,0.08994,buy,269950279664447,1756904561447
1756904561.912184,111180.0,0.44974,buy,610399682697665,1756904561447
1756904561.912184,111180.0,1.08604,buy,893986269564613,1756904561447
1756904561.912184,111180.0,4.14244,buy,121825997829421,1756904561447
1756904562.7038405,111166.0,0.0048,sell,926445123634638,1756904562053
1756904563.086375,111167.0,0.01,buy,351938835181972,1756904562605
1756904563.475566,111167.0,0.0233,buy,124448708569693,1756904563019
1756904564.4596128,111167.0,0.0001,buy,81851520684,1756904564012
1756904564.6261406,111167.0,0.55207,buy,259242770098168,1756904564119
1756904564.6261406,111167.0,0.00011,buy,1042318286956372,1756904564119
1756904564.6261406,111167.0,0.04497,buy,380070845151959,1756904564119
1756904564.6261406,111167.0,0.4,buy,405899437237520,1756904564119
1756904564.6261406,111167.0,0.1349,buy,421448549171965,1756904564119
1756904564.6261406,111167.0,2.69812,buy,760215519492987,1756904564119
1756904564.6261406,111167.0,0.53962,buy,727694471695629,1756904564119
1756904564.6261406,111167.0,0.11,buy,564703742589558,1756904564119
1756904564.6261406,111167.0,0.00897,buy,93008532347586,1756904564119
1756904564.6261406,111167.0,0.01618,buy,909411857109378,1756904564119
1756904564.6261406,111167.0,1.24111,buy,1067180581357624,1756904564119
1756904564.6261406,111167.0,0.44251,buy,965881831918296,1756904564119
1756904564.6261406,111167.0,0.01863,buy,420537507059095,1756904564119
1756904564.6261406,111167.0,0.49542,buy,815221341235770,1756904564119
1756904564.6261406,111167.0,0.15493,buy,483993963308809,1756904564119
1756904564.6261406,111167.0,0.08995,buy,324229113933554,1756904564119
1756904564.6261406,111167.0,0.31475,buy,122897013690951,1756904564119
1756904564.6261406,111167.0,0.06906,buy,269561103501955,1756904564119
1756904564.6261406,111168.0,0.00011,buy,183823577032996,1756904564119
1756904564.6261406,111168.0,0.04497,buy,628765652645409,1756904564119
1756904564.6261406,111168.0,0.68422,buy,1047795710714143,1756904564119
1756904564.6261406,111168.0,1.34902,buy,388149562141084,1756904564119
1756904564.6261406,111169.0,0.01799,buy,1124265225652753,1756904564119
1756904564.6261406,111169.0,0.00011,buy,428984775430014,1756904564119
1756904564.6261406,111169.0,0.018,buy,279228650187641,1756904564119
1756904564.6261406,111169.0,0.89934,buy,1110482945028371,1756904564119
1756904564.6261406,111170.0,0.00011,buy,186243733571455,1756904564119
1756904564.6261406,111170.0,0.1,buy,111803891122183,1756904564119
1756904564.6261406,111170.0,0.04497,buy,307106815606438,1756904564119
1756904564.6261406,111171.0,0.00011,buy,986354013624009,1756904564119
1756904564.6261406,111172.0,0.00011,buy,666088417888450,1756904564119
1756904564.6261406,111172.0,0.92043,buy,603333441793905,1756904564119
1756904564.6261406,111172.0,0.31474,buy,296160950730071,1756904564119
1756904564.6261406,111173.0,0.00011,buy,1308780620619,1756904564119
1756904564.6261406,111173.0,0.00022,buy,371015468963548,1756904564119
1756904564.6261406,111173.0,2.69803,buy,279779989244985,1756904564119
1756904564.6261406,111174.0,0.00011,buy,713006558656613,1756904564119
1756904564.6261406,111174.0,0.35982,buy,626839745366697,1756904564119
1756904564.6261406,111174.0,0.11499,buy,740546420289861,1756904564119
1756904564.6261406,111174.0,0.89931,buy,830839516165030,1756904564119
1756904564.6261406,111174.0,0.58802,buy,646417808944530,1756904564119
1756904564.6261406,111175.0,0.01798,buy,945784014802373,1756904564119
1756904564.6261406,111175.0,0.00011,buy,767834527519282,1756904564119
1756904564.6261406,111176.0,0.00011,buy,255091159037110,1756904564119
1756904564.6261406,111176.0,0.13902,buy,521641581799609,1756904564119
1756904564.6261406,111176.0,0.07044,buy,403218948705989,1756904564119
1756904564.6261406,111176.0,1.65678,buy,121429829972214,1756904564119
1756904564.6261406,111177.0,0.4,buy,444085408173685,1756904564119
1756904564.6261406,111177.0,0.11,buy,700965009377127,1756904564119
1756904564.6261406,111177.0,0.00011,buy,914431165492315,1756904564119
1756904564.6261406,111178.0,0.00011,buy,296364679798039,1756904564119
1756904564.6261406,111178.0,0.35982,buy,1064552788992485,1756904564119
1756904564.6261406,111179.0,0.00011,buy,707556598412518,1756904564119
1756904564.6261406,111179.0,0.00044,buy,684760334908882,1756904564119
1756904564.6261406,111179.0,0.53956,buy,1073360827890930,1756904564119
1756904564.6261406,111180.0,0.44974,buy,398905894579683,1756904564119
1756904564.6261406,111180.0,0.00011,buy,284615318187630,1756904564119
1756904564.6261406,111180.0,0.92043,buy,401947253543351,1756904564119
1756904564.6261406,111180.0,1.84085,buy,1005832782484364,1756904564119
1756904564.6261406,111180.0,0.08,buy,1051481743085534,1756904564119
1756904564.6261406,111181.0,0.01798,buy,855844124948344,1756904564119
1756904564.6261406,111181.0,0.00011,buy,527852859269599,1756904564119
1756904564.6261406,111181.0,0.02634,buy,687973259979199,1756904564119
1756904564.9250982,111167.0,0.03598,buy,716382153864807,1756904564569
1756904564.9250982,111167.0,0.00898,buy,555790541650272,1756904564569
1756904565.1605914,111167.0,0.0073,buy,105911036784284,1756904564832
1756904566.5479054,111167.0,0.00035,buy,1001357087676260,1756904566041
1756904567.8131037,111167.0,0.49514,buy,307121290015640,1756904566972
1756904567.8131037,111167.0,2.24791,buy,842596418605590,1756904566972
1756904567.8131037,111167.0,0.01618,buy,865292934138438,1756904566972
1756904567.8131037,111167.0,0.01618,buy,288683626773108,1756904566972
1756904567.8131037,111167.0,0.00882,buy,1065080090758284,1756904566972
1756904567.8131037,111167.0,1.24111,buy,946379565361767,1756904566972
1756904567.8131037,111168.0,0.31475,buy,795800469520226,1756904566972
1756904567.8131037,111168.0,0.1349,buy,1073513721049404,1756904566972
1756904567.8131037,111169.0,0.01799,buy,375925617145950,1756904566972
1756904567.8131037,111170.0,0.53961,buy,888795521030650,1756904566972
1756904567.8131037,111170.0,0.5396,buy,158060034686228,1756904566972
1756904567.8131037,111170.0,0.1,buy,485249139081463,1756904566972
1756904567.8131037,111171.0,0.06906,buy,985036875812714,1756904566972
1756904567.8131037,111171.0,2.69799,buy,11155874477486,1756904566972
1756904567.8131037,111172.0,0.04497,buy,248390663153623,1756904566972
1756904567.8131037,111173.0,0.00022,buy,811611738743146,1756904566972
1756904567.8131037,111174.0,2.69791,buy,700943110566962,1756904566972
1756904567.8131037,111175.0,0.01798,buy,112991258995586,1756904566972
1756904567.8131037,111179.0,0.00044,buy,460026544390001,1756904566972
1756904567.8131037,111180.0,0.0036,buy,981218620070836,1756904566972
1756904567.8131037,111180.0,0.44972,buy,978911163579268,1756904566972
1756904567.8131037,111181.0,0.01798,buy,1069719751144193,1756904566972
1756904567.8131037,111181.0,0.44978,buy,477303691911145,1756904566972
1756904567.8131037,111181.0,0.6814,buy,1072128635342831,1756904566972
1756904567.8131037,111182.0,0.00011,buy,625942074727045,1756904566972
1756904567.8131037,111182.0,0.41585,buy,809040726170614,1756904566972
1756904567.8131037,111182.0,0.92043,buy,46958020560921,1756904566972
1756904567.8131037,111182.0,0.31471,buy,984816171167066,1756904566972
1756904567.8131037,111183.0,0.00011,buy,236728308043311,1756904566972
1756904567.8131037,111184.0,0.121,buy,537834763356141,1756904566972
1756904567.8131037,111184.0,0.00011,buy,546084090627946,1756904566972
1756904567.8131037,111185.0,0.08994,buy,725793209997125,1756904566972
1756904567.8131037,111185.0,0.06298,buy,1090779920907380,1756904566972
1756904567.8131037,111185.0,0.03519,buy,639056418930943,1756904566972
1756904567.8131037,111185.0,0.00011,buy,703085597406916,1756904566972
1756904567.8131037,111185.0,0.2704,buy,287920862342104,1756904566972
1756904567.8131037,111185.0,0.44978,buy,370367186764587,1756904566972
1756904567.8131037,111185.0,0.92043,buy,496376423638187,1756904566972
1756904567.8131037,111185.0,0.53952,buy,845320487373736,1756904566972
1756904567.8131037,111186.0,0.45995,buy,447951159954885,1756904566972
1756904567.8131037,111186.0,0.00011,buy,83542928331284,1756904566972
1756904567.8131037,111187.0,0.01798,buy,339921332248179,1756904566972
1756904567.8131037,111187.0,0.00011,buy,341339654401308,1756904566972
1756904567.8131037,111187.0,1.12958,buy,447552217799890,1756904566972
1756904567.8131037,111188.0,0.00011,buy,432353416653662,1756904566972
1756904567.8131037,111188.0,0.92043,buy,1022353123971649,1756904566972
1756904567.8131037,111188.0,0.13487,buy,946747487466496,1756904566972
1756904567.8131037,111188.0,0.06296,buy,128252198984416,1756904566972
1756904567.8131037,111189.0,0.041,buy,1019662097100027,1756904566972
1756904567.8131037,111189.0,0.041,buy,719360321421801,1756904566972
1756904567.8131037,111189.0,0.041,buy,145112387114860,1756904566972
1756904567.8131037,111189.0,0.041,buy,424196702055093,1756904566972
1756904567.8131037,111189.0,0.041,buy,85824380674002,1756904566972
1756904567.8131037,111189.0,0.041,buy,639689563891149,1756904566972
1756904567.8131037,111189.0,0.041,buy,61689656118872,1756904566972
1756904567.8131037,111189.0,0.00011,buy,280336204289938,1756904566972
1756904567.8131037,111189.0,0.3859,buy,357236439033688,1756904566972
1756904567.8131037,111189.0,0.44978,buy,950339433627528,1756904566972
1756904567.8131037,111189.0,1.12913,buy,914927459880524,1756904566972
1756904567.8131037,111190.0,0.041,buy,1009537801704644,1756904566972
1756904567.8131037,111190.0,0.041,buy,406666354931432,1756904566972
1756904567.8131037,111190.0,0.08993,buy,75774667749654,1756904566972
1756904567.8131037,111190.0,0.041,buy,293827684754698,1756904566972
1756904567.8131037,111190.0,0.00011,buy,602985814002364,1756904566972
1756904567.8131037,111190.0,0.08,buy,564682059227953,1756904566972
1756904567.8131037,111190.0,0.5395,buy,244091864641408,1756904566972
1756904567.8131037,111191.0,0.26182,buy,453225088795083,1756904566972
1756904569.07456,111170.0,0.00011,buy,375683407908662,1756904568690
1756904569.6556036,111180.0,0.00011,buy,522566077804593,1756904569235
1756904569.6556036,111181.0,0.00011,buy,414436248257327,1756904569235
1756904569.6556036,111182.0,0.00011,buy,301936637494520,1756904569235
1756904569.6556036,111183.0,0.00011,buy,577101523066443,1756904569235
1756904569.6556036,111184.0,0.00011,buy,265730465356178,1756904569235
1756904569.6556036,111185.0,0.00011,buy,745686434103690,1756904569235
1756904569.6556036,111186.0,0.00011,buy,581679881795997,1756904569235
1756904569.6556036,111187.0,0.00011,buy,596283298690306,1756904569235
1756904569.6556036,111188.0,0.00011,buy,548277238254172,1756904569235
1756904569.6556036,111189.0,0.00011,buy,604333929607913,1756904569235
1756904569.6556036,111190.0,0.00011,buy,313582898620191,1756904569235
1756904569.6556036,111190.0,0.1,buy,578048258046409,1756904569235
1756904569.6556036,111191.0,0.00011,buy,471501648446996,1756904569235
1756904569.6556036,111192.0,0.00011,buy,231324267632172,1756904569235
1756904569.6556036,111193.0,0.00011,buy,755320590639111,1756904569235
1756904569.6556036,111194.0,0.00011,buy,457563521021719,1756904569235
1756904569.6556036,111194.0,0.0014,buy,1026746271000556,1756904569235
1756904569.6556036,111195.0,0.00011,buy,99484493779191,1756904569235
1756904569.6556036,111196.0,0.00011,buy,1036686519642655,1756904569235
1756904569.6556036,111197.0,0.00011,buy,590814335991199,1756904569235
1756904569.6556036,111198.0,0.00011,buy,642495992423288,1756904569235
1756904569.6556036,111199.0,0.71877,buy,910246079893956,1756904569235
1756904569.6556036,111199.0,0.00011,buy,597182969152076,1756904569235
1756904569.6556036,111200.0,0.00044,buy,956305578362703,1756904569235
1756904569.6556036,111200.0,0.01,buy,818200733593759,1756904569235
1756904569.6556036,111200.0,0.00011,buy,280002991863397,1756904569235
1756904569.6556036,111201.0,0.00018,buy,350489667896111,1756904569235
1756904569.6556036,111202.0,0.00011,buy,276693427738650,1756904569235
1756904569.6556036,111203.0,0.00011,buy,594855606426999,1756904569235
1756904569.6556036,111203.0,0.03598,buy,80175277143990,1756904569235
1756904569.6556036,111204.0,0.00011,buy,934385559534408,1756904569235
1756904569.6556036,111205.0,0.01798,buy,144835395392777,1756904569235
1756904569.6556036,111205.0,0.00011,buy,1017252893101943,1756904569235
1756904569.6556036,111205.0,0.04496,buy,587815684144760,1756904569235
1756904569.6556036,111205.0,0.53942,buy,752452554165081,1756904569235
1756904569.6556036,111206.0,0.00018,buy,1053780287112484,1756904569235
1756904569.6556036,111206.0,0.00011,buy,14180376761373,1756904569235
1756904569.6556036,111206.0,0.5191,buy,68888174389238,1756904569235
1756904569.6556036,111207.0,0.009,buy,452571143557681,1756904569235
1756904569.6556036,111207.0,0.00011,buy,671748833225548,1756904569235
1756904569.6556036,111207.0,0.06914,buy,505087994466199,1756904569235
1756904569.6556036,111208.0,0.001,buy,944805300174566,1756904569235
1756904569.6556036,111208.0,0.00011,buy,751242589357247,1756904569235
1756904569.6556036,111209.0,0.00011,buy,449795982699042,1756904569235
1756904569.6556036,111210.0,0.44962,buy,950429995994911,1756904569235
1756904569.6556036,111211.0,0.01798,buy,254393866770148,1756904569235
1756904569.6556036,111211.0,1.34851,buy,608207623427743,1756904569235
1756904569.6556036,111211.0,0.5394,buy,966465923269778,1756904569235
1756904569.6556036,111211.0,0.00011,buy,705568035129361,1756904569235
1756904569.6556036,111212.0,0.00011,buy,136326249676707,1756904569235
1756904569.6556036,111213.0,0.45995,buy,832892261616303,1756904569235
1756904569.6556036,111213.0,0.2,buy,379870590466167,1756904569235
1756904569.6556036,111213.0,0.00011,buy,946461125522578,1756904569235
1756904569.6556036,111213.0,1.34848,buy,1047994786576960,1756904569235
1756904569.6556036,111214.0,0.26948,buy,1069873491739260,1756904569235
1756904569.6556036,111214.0,0.00011,buy,46924393713122,1756904569235
1756904569.6556036,111215.0,0.041,buy,738626239019388,1756904569235
1756904569.6556036,111215.0,0.041,buy,229017744618083,1756904569235
1756904569.6556036,111215.0,0.041,buy,54804177249670,1756904569235
1756904569.6556036,111215.0,0.041,buy,704567085746037,1756904569235
1756904569.6556036,111215.0,0.041,buy,1019181647809345,1756904569235
1756904569.6556036,111215.0,0.041,buy,635004142620283,1756904569235
1756904569.6556036,111215.0,0.041,buy,949725871212705,1756904569235
1756904569.6556036,111216.0,0.041,buy,678914473473369,1756904569235
1756904569.6556036,111216.0,0.0014,buy,610611216791814,1756904569235
1756904569.6556036,111216.0,0.92043,buy,273438993539791,1756904569235
1756904569.6556036,111217.0,1.0636,buy,378408688637645,1756904569235
1756904569.6556036,111217.0,0.01798,buy,341925758330399,1756904569235
1756904569.6556036,111217.0,0.00268,buy,932178176717239,1756904569235
1756904569.6556036,111217.0,0.2704,buy,771707117813408,1756904569235
1756904569.6556036,111218.0,0.001,buy,226168286387479,1756904569235
1756904569.6556036,111218.0,0.41983,buy,947979727767184,1756904569235
1756904569.6556036,111219.0,0.063,buy,108733930471962,1756904569235
1756904569.6556036,111219.0,2.6968,buy,1117744685688399,1756904569235
1756904569.6556036,111219.0,0.92043,buy,1074242777831918,1756904569235
1756904569.6556036,111220.0,0.00044,buy,898681301584787,1756904569235
1756904569.6556036,111220.0,0.27611,buy,764558481679006,1756904569235
1756904569.6556036,111220.0,0.00014,buy,389879780319429,1756904569235
1756904569.6556036,111220.0,0.44958,buy,415815614769724,1756904569235
1756904569.6556036,111221.0,0.26948,buy,224351940315542,1756904569235
1756904569.6556036,111221.0,0.0405,buy,91674904791050,1756904569235
1756904569.6556036,111222.0,0.08994,buy,155425762153441,1756904569235
1756904569.6556036,111222.0,0.041,buy,317017424967424,1756904569235
1756904569.6556036,111222.0,0.041,buy,677271015427470,1756904569235
1756904569.6556036,111222.0,0.53934,buy,287269305481774,1756904569235
1756904569.6556036,111222.0,0.02358,buy,486446522391935,1756904569235
1756904569.6556036,111222.0,1.14425,buy,591459667147,1756904569235
1756904569.6556036,111222.0,0.93795,buy,901355591692152,1756904569235
1756904569.6556036,111223.0,0.17395,buy,166107693027140,1756904569235
1756904569.6556036,111223.0,0.92043,buy,714852572022283,1756904569235
1756904569.6556036,111223.0,0.01798,buy,122620727381085,1756904569235
1756904569.6556036,111223.0,0.34963,buy,119022502415632,1756904569235
1756904569.6556036,111224.0,4.29084,buy,625439669602125,1756904569235
1756904571.9542944,111201.0,0.00011,buy,864990439484911,1756904571318
1756904571.9542944,111201.0,0.00132,buy,436120607499135,1756904571318
1756904572.619109,111201.0,0.03598,buy,37222251189870,1756904571728
1756904572.619109,111201.0,0.0001,buy,92405950992652,1756904572039
1756904573.3561668,111201.0,0.51815,buy,1021126806917692,1756904572959
1756904573.3561668,111201.0,0.13486,buy,514149711083729,1756904572959
1756904573.3561668,111201.0,2.69729,buy,393665215658321,1756904572959
1756904573.3561668,111201.0,0.53946,buy,1113483968379983,1756904572959
1756904573.3561668,111201.0,0.53947,buy,1052274982305191,1756904572959
1756904573.3561668,111201.0,0.01617,buy,602423886720869,1756904572959
1756904573.3561668,111201.0,2.6973,buy,941481638876980,1756904572959
1756904573.3561668,111201.0,1.34869,buy,118345138181636,1756904572959
1756904573.3561668,111201.0,0.01617,buy,863838517404555,1756904572959
1756904573.3561668,111201.0,0.08992,buy,264811689635150,1756904572959
1756904573.3561668,111201.0,0.14937,buy,766380503005449,1756904572959
1756904573.3561668,111201.0,0.03598,buy,1065858523156961,1756904572959
1756904573.3561668,111201.0,0.13486,buy,257933067425168,1756904572959
1756904573.3561668,111201.0,0.40383,buy,603495430371655,1756904572959
1756904573.3561668,111202.0,0.00011,buy,526230027338309,1756904572959
1756904573.3561668,111203.0,0.00011,buy,522312730575569,1756904572959
1756904573.3561668,111204.0,0.00011,buy,991331503554740,1756904572959
1756904573.3561668,111205.0,0.00011,buy,653669203161803,1756904572959
1756904573.3561668,111205.0,0.11499,buy,373497531929436,1756904572959
1756904573.3561668,111206.0,0.00011,buy,398534103946171,1756904572959
1756904573.3561668,111206.0,0.53972,buy,570209325080187,1756904572959
1756904573.3561668,111207.0,0.00011,buy,479506497632313,1756904572959
1756904573.3561668,111207.0,0.0002,buy,910519999156811,1756904572959
1756904573.3561668,111208.0,0.00011,buy,1055489898550817,1756904572959
1756904573.3561668,111209.0,0.00011,buy,486616610418242,1756904572959
1756904573.3561668,111210.0,0.00011,buy,922507025837003,1756904572959
1756904573.3561668,111210.0,0.53972,buy,496589712617713,1756904572959
1756904573.3561668,111210.0,0.44958,buy,762243041630306,1756904572959
1756904573.3561668,111211.0,0.01798,buy,347365646285986,1756904572959
1756904573.3561668,111211.0,0.92043,buy,265337440259955,1756904572959
1756904573.3561668,111212.0,2.69716,buy,47471514577653,1756904572959
1756904573.3561668,111212.0,0.5394,buy,1036399661844220,1756904572959
1756904573.3561668,111213.0,0.00041,buy,273918176585663,1756904572959
1756904573.3561668,111214.0,0.53972,buy,158204409136386,1756904572959
1756904573.3561668,111214.0,0.92043,buy,565144984640317,1756904572959
1756904573.3561668,111214.0,0.11499,buy,936709283953041,1756904572959
1756904573.3561668,111214.0,0.21313,buy,984810104282174,1756904572959
1756904573.3561668,111214.0,1.79799,buy,432591811477179,1756904572959
1756904573.3561668,111214.0,1.3485,buy,725765309897964,1756904572959
1756904573.3561668,111215.0,0.00011,buy,278462913223253,1756904572959
1756904573.3561668,111216.0,0.00011,buy,66494794110880,1756904572959
1756904573.3561668,111217.0,0.01798,buy,1035604515284173,1756904572959
1756904573.3561668,111217.0,0.00011,buy,615825511717422,1756904572959
1756904573.3561668,111217.0,0.00674,buy,606466228552365,1756904572959
1756904573.3561668,111218.0,0.00011,buy,396335984135945,1756904572959
1756904573.3561668,111218.0,0.00275,buy,1009992696855700,1756904572959
1756904573.3561668,111218.0,0.92043,buy,1083438673789392,1756904572959
1756904573.3561668,111218.0,1.99068,buy,228074525484898,1756904572959
1756904573.5258167,111200.0,0.0034,sell,215799371666323,1756904573035
1756904574.4711692,111202.0,0.00017,buy,282788159727570,1756904574076
1756904574.4711692,111201.0,0.00011,sell,286081609861428,1756904574076
1756904574.4711692,111200.0,0.00882,sell,551828726702434,1756904574076
1756904574.4711692,111200.0,0.00011,sell,577673871300923,1756904574076
1756904575.4991298,111200.0,0.00011,buy,72905406509145,1756904575106
1756904575.4991298,111200.0,0.00016,buy,571168097955707,1756904575106
1756904575.999762,111200.0,0.04223,buy,91539047144844,1756904575586
1756904576.678489,111199.0,0.00011,sell,599991877070773,1756904576368
1756904576.7732806,111197.0,1.28602,buy,355443825542093,1756904576420
1756904576.7732806,111197.0,0.44965,buy,171552194509514,1756904576420
1756904576.7732806,111197.0,0.7175,buy,566704282733342,1756904576420
1756904576.7732806,111197.0,0.43778,buy,1043093326689101,1756904576420
1756904577.2398374,111197.0,0.01187,buy,882199937759945,1756904576603
1756904577.2398374,111197.0,0.21639,buy,1084675975838130,1756904576603
1756904577.6463149,111197.0,0.03361,buy,195714445042470,1756904576806
1756904577.6463149,111197.0,0.1462,buy,589659093259931,1756904576806
1756904577.6463149,111197.0,0.7175,buy,1094668847098089,1756904576806
1756904577.6463149,111197.0,0.34958,buy,1097412328021420,1756904576806
1756904577.6463149,111197.0,0.25,buy,1124259621477991,1756904576806
1756904577.6463149,111197.0,0.25,buy,39983898181510,1756904576806
1756904577.6463149,111197.0,0.25,buy,1017734869286043,1756904576806
1756904577.6463149,111197.0,0.25,buy,696737392733382,1756904576806
1756904577.6463149,111197.0,0.25,buy,665994550231373,1756904576806
1756904577.6463149,111197.0,0.05792,buy,478330574821509,1756904576806
1756904577.6463149,111197.0,0.05792,buy,161042334150511,1756904576806
1756904577.6463149,111197.0,0.54177,buy,581576455533378,1756904576806
1756904577.6463149,111197.0,2.24757,buy,949140750864634,1756904576806
1756904577.6463149,111197.0,0.2,buy,263785154851773,1756904576806
1756904577.6463149,111197.0,0.25,buy,600266006914946,1756904576806
1756904577.6463149,111197.0,0.6295,buy,1112191200386034,1756904576806
1756904577.6463149,111197.0,0.13488,buy,469979936124593,1756904576806
1756904577.6463149,111197.0,0.5395,buy,640495433945560,1756904576806
1756904577.6463149,111197.0,0.5395,buy,476543944018899,1756904576806
1756904577.6463149,111197.0,2.69737,buy,290385132501434,1756904576806
1756904577.6463149,111197.0,1.25649,buy,837596795039327,1756904576806
1756904577.853863,111197.0,0.0001,buy,1092910524117601,1756904577057
1756904578.8498678,111184.0,0.01,buy,641579633888277,1756904578541
1756904579.498565,111184.0,0.00046,buy,691446262028437,1756904579017
1756904580.607003,111184.0,0.00149,buy,67219906145098,1756904580022
1756904580.607003,111183.0,0.00011,sell,922382669314979,1756904580022
1756904580.607003,111183.0,0.00832,sell,158937358643652,1756904580022
1756904581.669444,111184.0,0.01,buy,116795373979677,1756904581308
1756904581.669444,111184.0,0.01018,buy,656876315078820,1756904581308
1756904582.659207,111184.0,0.00091,buy,802960593635563,1756904582056
1756904583.4332063,111183.0,0.22748,sell,207006256592817,1756904583058
1756904583.4332063,111183.0,0.64091,sell,798644762681116,1756904583058
1756904583.4332063,111183.0,0.03081,sell,1027799776587931,1756904583058
1756904583.7170355,111182.0,0.00011,sell,845602581613856,1756904583342
1756904585.5954845,111172.0,0.25,buy,866083773023370,1756904585268
1756904585.5954845,111172.0,0.37237,buy,58499462906959,1756904585268
1756904585.5954845,111172.0,0.05792,buy,972350440568895,1756904585268
1756904585.5954845,111172.0,0.05792,buy,1002402559844568,1756904585268
1756904585.5954845,111172.0,0.4432,buy,537544423517077,1756904585268
1756904585.5954845,111172.0,0.4432,buy,692807440730089,1756904585268
1756904585.5954845,111172.0,0.4432,buy,876287855803315,1756904585268
1756904585.5954845,111172.0,0.4432,buy,787154737236722,1756904585268
1756904585.5954845,111172.0,0.4432,buy,237966454887394,1756904585268
1756904585.5954845,111172.0,0.04497,buy,101882057887755,1756904585268
1756904585.5954845,111172.0,0.01618,buy,141505153195192,1756904585268
1756904585.5954845,111172.0,0.01618,buy,281825562395302,1756904585268
1756904585.5954845,111172.0,1.23461,buy,522380910951025,1756904585268
1756904585.5954845,111173.0,0.31474,buy,871314302807576,1756904585268
1756904585.5954845,111174.0,0.04497,buy,294270972305289,1756904585268
1756904585.5954845,111176.0,0.04497,buy,900929646534010,1756904585268
1756904585.5954845,111178.0,0.05792,buy,881720136644322,1756904585268
1756904585.5954845,111178.0,0.04497,buy,825221203714999,1756904585268
1756904585.5954845,111178.0,0.30869,buy,302365341362632,1756904585268
1756904585.886996,111174.0,0.00012,sell,703600904290436,1756904585377
1756904591.3953238,111174.0,0.00025,sell,793085562957712,1756904591071
1756904591.9268508,111175.0,0.03058,buy,1060750449790873,1756904591539
1756904592.4692092,111174.0,0.00479,sell,294955527503362,1756904592003
1756904593.492345,111175.0,0.02331,buy,216178932619497,1756904593033
1756904594.4265957,111175.0,0.0001,buy,48484846404819,1756904594058
1756904594.529269,111174.0,0.05688,sell,492034477393554,1756904594121
1756904594.529269,111174.0,0.5,sell,914336322216071,1756904594121
1756904594.529269,111174.0,0.25,sell,814510663673578,1756904594121
1756904594.529269,111174.0,0.25,sell,394813971620419,1756904594121
1756904594.529269,111174.0,0.5,sell,887896343722889,1756904594121
1756904594.529269,111174.0,0.5,sell,569937451950308,1756904594121
1756904594.529269,111174.0,0.1791,sell,511437531433064,1756904594121
1756904594.7169013,111174.0,0.19634,sell,963921492351498,1756904594315
1756904594.7169013,111174.0,0.12456,sell,1076645300138885,1756904594315
1756904594.7169013,111174.0,0.25193,sell,723528716917790,1756904594315
1756904594.7169013,111174.0,0.21888,sell,726972068994906,1756904594315
1756904595.131931,111174.0,0.2469,sell,238358117058027,1756904594520
1756904595.131931,111174.0,0.2531,sell,468017442674794,1756904594520
1756904595.131931,111174.0,0.00881,sell,759118667179262,1756904594520
1756904595.131931,111174.0,0.15583,sell,214531611633942,1756904594520
1756904595.131931,111174.0,0.61291,sell,909780169578876,1756904594520
1756904595.2489114,111174.0,0.13055,sell,310047592145262,1756904594842
1756904595.2489114,111174.0,0.00011,sell,654292334932115,1756904594842
1756904595.2745,111173.0,0.00011,sell,161711611493515,1756904594896
1756904595.2745,111172.0,0.00011,sell,911214051911666,1756904594896
1756904595.2745,111171.0,0.00011,sell,299294096451140,1756904594896
1756904595.2745,111170.0,0.00011,sell,251888017824637,1756904594896
1756904595.2745,111169.0,0.00011,sell,590562510030373,1756904594896
1756904595.2745,111168.0,0.00011,sell,93997567622959,1756904594896
1756904595.2745,111167.0,0.00011,sell,868635024211446,1756904594896
1756904595.2745,111166.0,0.00011,sell,467461946752082,1756904594896
1756904595.2745,111165.0,0.00901,sell,47199486822306,1756904594896
1756904595.2745,111165.0,0.00011,sell,1076992546428646,1756904594896
1756904596.3554568,111165.0,0.00034,buy,781691551094268,1756904596048
1756904599.2351475,111164.0,0.00011,sell,214396602705915,1756904598474
1756904599.2351475,111163.0,0.00011,sell,634785660252754,1756904598474
1756904599.2351475,111162.0,0.00011,sell,471852815313373,1756904598474
1756904599.2351475,111162.0,0.0073,sell,35786345075828,1756904598474
1756904599.2351475,111161.0,0.00011,sell,820590883605625,1756904598474
1756904599.2351475,111160.0,0.00011,sell,698780823324955,1756904598474
1756904599.2351475,111159.0,0.00011,sell,962791907851674,1756904598474
1756904599.2351475,111158.0,0.00011,sell,980093298607587,1756904598474
1756904599.2351475,111157.0,0.00011,sell,940498713884979,1756904598474
1756904599.2351475,111156.0,0.00011,sell,125476291374992,1756904598474
1756904599.2351475,111155.0,0.00011,sell,379705727150727,1756904598474
1756904599.2351475,111154.0,0.00011,sell,213622262780921,1756904598474
1756904599.2351475,111153.0,0.00011,sell,801826330976199,1756904598474
1756904599.2351475,111152.0,0.00011,sell,909696218566022,1756904598474
1756904599.2351475,111151.0,0.00011,sell,14929099014727,1756904598474
1756904599.2351475,111150.0,0.00011,sell,520057757802472,1756904598474
1756904599.2351475,111149.0,0.00011,sell,726841908594531,1756904598474
1756904599.2351475,111148.0,0.00011,sell,189392637033687,1756904598474
1756904599.2351475,111147.0,0.00011,sell,335416014750404,1756904598474
1756904599.2351475,111147.0,0.03546,sell,1070706663536160,1756904598474
1756904599.2351475,111147.0,0.037,sell,688424231294154,1756904598474
1756904599.2351475,111147.0,0.037,sell,375339602653762,1756904598474
1756904599.2351475,111147.0,0.037,sell,55442885119854,1756904598474
1756904599.4821317,111147.0,0.033,sell,1073162493215045,1756904598568
1756904599.4821317,111147.0,0.037,sell,103916480942119,1756904598568
1756904600.6650734,111148.0,0.00054,buy,763928812513627,1756904600222
1756904601.262768,111147.0,0.00011,sell,316594870624122,1756904600628
1756904601.262768,111147.0,0.01301,sell,598327264551728,1756904600628
1756904601.91345,111147.0,0.01786,sell,918496591425734,1756904601435
1756904601.91345,111147.0,0.04214,sell,57623612521131,1756904601435
1756904602.7832644,111148.0,0.0001,buy,21777262141273,1756904602011
1756904603.3895168,111147.0,0.00337,sell,989453410322737,1756904603032
1756904604.8271477,111148.0,1e-05,buy,771537347251940,1756904604138
1756904604.8271477,111148.0,0.00017,buy,999276768645298,1756904604138
1756904605.4751108,111150.0,0.0001,buy,310150933618959,1756904605047
1756904605.4751108,111150.0,1e-05,buy,904070133067169,1756904605047
1756904605.4751108,111151.0,0.00011,buy,962297529621803,1756904605047
1756904605.4751108,111152.0,4e-05,buy,9190434808091,1756904605047
1756904605.5415902,111152.0,7e-05,buy,745203824648128,1756904605095
1756904605.5415902,111153.0,0.00011,buy,26764508056746,1756904605095
1756904605.5415902,111154.0,0.00011,buy,899965284336598,1756904605095
1756904605.5415902,111155.0,0.00011,buy,350137556859001,1756904605095
1756904605.5415902,111156.0,0.00011,buy,458979860542320,1756904605095
1756904605.5415902,111157.0,0.00011,buy,998969671413498,1756904605095
1756904605.5415902,111158.0,0.00011,buy,913066814583779,1756904605095
1756904605.5415902,111159.0,0.00011,buy,189590228090977,1756904605095
1756904605.5415902,111160.0,0.00011,buy,368362093317155,1756904605095
1756904605.5415902,111161.0,0.00011,buy,24732080174131,1756904605095
1756904605.5415902,111162.0,0.00011,buy,839695416142220,1756904605095
1756904605.5415902,111163.0,0.00011,buy,146666436344945,1756904605095
1756904605.5415902,111164.0,0.00011,buy,377455526446174,1756904605095
1756904606.1395352,111165.0,0.00011,buy,968650143549391,1756904605424
1756904606.2771585,111166.0,0.00011,buy,914370034798404,1756904605874
1756904606.2771585,111167.0,0.00011,buy,932466440098171,1756904605874
1756904607.8250868,111178.0,0.0001,buy,57477116326251,1756904607041
1756904608.1763062,111178.0,1e-05,buy,906066672221592,1756904607779
1756904608.1763062,111179.0,0.00011,buy,721406191574624,1756904607779
1756904608.1763062,111180.0,0.00011,buy,598056964543290,1756904607779
1756904608.1763062,111181.0,0.00011,buy,474680285832526,1756904607779
1756904609.5983713,111185.0,0.00041,buy,613976586088275,1756904609060
1756904610.3202875,111185.0,0.002,buy,511855913573695,1756904609888
1756904610.3202875,111185.0,0.00101,buy,706709504153832,1756904609888
1756904610.389351,111185.0,0.00148,buy,169815556556337,1756904610003
1756904611.0972574,111185.0,0.00159,buy,724143945416362,1756904610719
1756904611.4971468,111185.0,0.1288,buy,879219631385383,1756904611002
1756904611.4971468,111185.0,0.0509,buy,943858016985879,1756904611002
1756904611.732145,111185.0,0.0017,buy,999206295775882,1756904611234
1756904611.9678981,111185.0,0.0009,buy,676137183235224,1756904611520
1756904611.9678981,111185.0,0.00071,buy,982685968516919,1756904611520
1756904612.6605144,111185.0,0.00091,buy,343314579223265,1756904612059
1756904613.5569003,111185.0,0.04658,buy,507278829602833,1756904613111
1756904614.537458,111184.0,0.47895,sell,1112567484267040,1756904614118
1756904617.7714252,111185.0,0.07283,buy,935733617294187,1756904616919
1756904618.6547287,111185.0,0.07114,buy,447793858570533,1756904618286
1756904620.4401107,111185.0,0.0382,buy,411302811171048,1756904620152
1756904621.2353833,111184.0,0.00032,sell,795324503821013,1756904620909
1756904621.3817675,111184.0,0.00025,sell,950722897460190,1756904621037
1756904621.3817675,111184.0,0.00303,sell,825405980943335,1756904621037
1756904621.3817675,111184.0,0.0001,sell,394393541112696,1756904621037
1756904621.3817675,111184.0,0.0001,sell,585326498750560,1756904621037
1756904621.3817675,111184.0,0.00349,sell,708830523600346,1756904621037
1756904623.0643182,111184.0,0.00479,sell,1036280935536509,1756904622047
1756904623.3757062,111185.0,0.02331,buy,811179693396294,1756904623051
1756904623.4164922,111185.0,0.00097,buy,871619308260119,1756904623127
1756904624.4104042,111185.0,0.0001,buy,130880833992017,1756904624053
1756904625.260376,111185.0,0.00012,buy,590939497856265,1756904624873
1756904625.260376,111185.0,0.00031,buy,1006497144016068,1756904624873
1756904625.541545,111185.0,0.00111,buy,465041586211631,1756904624976
1756904625.9996207,111184.0,0.00011,sell,455288253587017,1756904625565
1756904625.9996207,111184.0,0.0036,sell,856809699001917,1756904625565
1756904625.9996207,111184.0,0.04127,sell,624763969584893,1756904625565
1756904626.552342,111185.0,0.00035,buy,652253233727789,1756904626066
1756904626.5899498,111185.0,0.27978,buy,991195620221507,1756904626180
1756904630.290824,111185.0,0.00011,buy,359225032995602,1756904629799
1756904632.192096,111195.0,0.00011,buy,729441718755071,1756904631540
1756904632.6034594,111196.0,0.0001,buy,614248918387391,1756904632075
1756904632.6034594,111195.0,0.00357,sell,722995690423666,1756904632075
1756904632.8353662,111196.0,1e-05,buy,5095562868604,1756904632126
