timestamp,price,size,side,trade_id,exchange_timestamp
1756904112.7963579,4344.1,0.2882,sell,1022438113543796,1756904107451
1756904112.7963579,4344.1,0.0153,sell,1052793723024130,1756904107451
1756904112.7963579,4344.1,0.0288,sell,815031734443840,1756904107451
1756904112.7963579,4344.2,0.1135,buy,384489119398606,1756904108716
1756904112.7963579,4344.2,0.0026,buy,950088745138345,1756904109055
1756904112.7963579,4344.1,0.0754,sell,817724827827165,1756904109055
1756904112.7963579,4344.2,0.1657,buy,175983472435596,1756904109523
1756904112.7963579,4344.2,0.046,buy,100079546423906,1756904109675
1756904112.7963579,4344.1,0.1494,sell,44073034698023,1756904109675
1756904112.7963579,4344.1,0.1135,sell,145082771005448,1756904109675
1756904112.7963579,4344.1,3.1242,sell,894539835598642,1756904109675
1756904112.7963579,4344.1,5.0,sell,742751751893958,1756904109675
1756904112.7963579,4344.1,3.9432,sell,187247815746134,1756904109675
1756904112.7963579,4344.1,0.036,sell,338154277730008,1756904109675
1756904112.7963579,4344.1,2.3083,sell,663085992801360,1756904109675
1756904112.7963579,4344.1,1.0155,sell,977820792894488,1756904109675
1756904112.7963579,4344.1,0.1134,sell,88342751742952,1756904109675
1756904112.7963579,4344.1,6.3386,sell,573926899495711,1756904109675
1756904112.7963579,4344.1,4.6039,sell,977873981756249,1756904109675
1756904112.7963579,4344.1,0.1685,sell,52270013516973,1756904109675
1756904112.7963579,4344.1,38.3524,sell,432032641859810,1756904109675
1756904112.7963579,4344.1,0.0354,sell,755714910010173,1756904110034
1756904112.7963579,4344.2,0.0035,buy,907209448415285,1756904110034
1756904112.7963579,4344.1,21.1624,sell,289446487642859,1756904110952
1756904112.7963579,4344.2,6.5719,buy,666411882914016,1756904111752
1756904112.7963579,4344.2,4.1871,buy,170747227183691,1756904111752
1756904112.7963579,4344.2,0.4168,buy,849416077192724,1756904111807
1756904112.7963579,4344.2,0.9142,buy,829610597682510,1756904111807
1756904112.7963579,4344.2,0.4884,buy,368684344766127,1756904111807
1756904112.7963579,4344.2,0.0196,buy,564716150422400,1756904112212
1756904112.7999077,4344.2,0.0196,buy,564716150422400,1756904112212
1756904113.029678,4344.1,0.0025,sell,772489376351143,1756904112363
1756904113.508979,4344.1,0.014,sell,780591968722827,1756904113029
1756904113.508979,4344.2,0.05,buy,1064453135104078,1756904113112
1756904113.508979,4344.2,0.05,buy,841082735314464,1756904113112
1756904113.655951,4344.2,0.1135,buy,667553981997935,1756904113305
1756904114.8548965,4344.2,1.6,buy,631892927040223,1756904114513
1756904115.3312497,4344.2,0.0073,buy,997265265839876,1756904115005
1756904116.064944,4344.2,0.1135,buy,184581580780366,1756904115674
1756904116.5416298,4344.2,0.2825,buy,495142336657068,1756904116054
1756904116.5416298,4344.2,0.0166,buy,732855369233036,1756904116054
1756904118.5654123,4344.0,0.018,buy,180577083256305,1756904118094
1756904118.5654123,4343.9,0.0056,sell,834455684537616,1756904118094
1756904119.0365138,4343.9,0.3377,sell,590687233920595,1756904118757
1756904119.455221,4343.9,0.0028,sell,212940633784960,1756904119029
1756904119.5715146,4344.0,0.1135,buy,1073529436698814,1756904119140
1756904120.5561264,4343.9,0.1129,sell,406926372010140,1756904120027
1756904121.9212096,4344.9,0.1135,buy,206643384775510,1756904121555
1756904122.6180744,4344.9,0.015,buy,206005811768444,1756904122316
1756904123.5201898,4344.8,0.0057,sell,575892430655729,1756904123049
1756904124.2175035,4344.8,0.0045,sell,303168301469581,1756904123786
1756904124.407747,4344.9,0.0114,buy,108366484736314,1756904123948
1756904125.4915595,4344.9,0.3204,buy,465195319056991,1756904125024
1756904125.4915595,4345.0,3.0,buy,770987634094760,1756904125024
1756904125.4915595,4345.2,0.5911,buy,1082860429807371,1756904125024
1756904125.5280962,4345.1,0.0092,sell,818424704732234,1756904125135
1756904125.77792,4345.2,0.1135,buy,276465818862408,1756904125426
1756904129.059978,4345.2,0.0058,buy,414727485309890,1756904126764
1756904129.059978,4345.1,0.0753,sell,1120432771520112,1756904127045
1756904129.062487,4345.2,1.0,buy,560779768390223,1756904127348
1756904129.7903707,4345.1,0.0937,sell,980640481630925,1756904128879
1756904129.7903707,4344.6,0.1434,sell,173691184266736,1756904128879
1756904129.7903707,4344.5,0.0589,sell,689334887517897,1756904128879
1756904129.7903707,4344.5,0.5757,sell,1073549384211075,1756904128879
1756904129.7903707,4344.3,0.4603,sell,254643912308810,1756904128879
1756904129.7903707,4344.2,0.4553,sell,221103779410763,1756904128879
1756904129.871988,4344.3,0.1135,buy,734182276621290,1756904129211
1756904129.871988,4344.3,0.009,buy,896391147028418,1756904129211
1756904130.442429,4344.1,0.4603,sell,611085317316388,1756904129889
1756904130.442429,4344.1,0.2081,sell,417140945274950,1756904129889
1756904130.442429,4344.1,4.9418,sell,301408593631644,1756904129889
1756904131.7058089,4344.0,0.056,sell,411216940405068,1756904131354
1756904133.7533069,4343.7,0.0046,sell,540564459224485,1756904133166
1756904133.7533069,4343.7,0.9142,sell,1054446369929846,1756904133166
1756904133.7533069,4343.6,0.1151,sell,204364797543921,1756904133166
1756904133.7533069,4343.5,0.4604,sell,608269266515412,1756904133166
1756904133.7533069,4343.5,0.1434,sell,905722137172641,1756904133166
1756904133.7533069,4343.4,0.3836,sell,754870855595602,1756904133166
1756904133.7861578,4343.5,0.1135,buy,155992497304689,1756904133216
1756904136.0278366,4343.5,0.1135,buy,381445054182382,1756904135728
1756904136.9900725,4343.4,0.008,sell,897519057868867,1756904136624
1756904139.549853,4343.5,0.0026,buy,317908853213757,1756904139069
1756904139.549853,4343.4,0.0753,sell,131062951514363,1756904139069
1756904139.646015,4343.5,0.1135,buy,1076655718460239,1756904139150
1756904140.4275727,4343.4,0.0355,sell,256489336085303,1756904140032
1756904140.4275727,4343.5,0.0035,buy,961007987706021,1756904140032
1756904141.7238302,4343.4,0.0081,sell,606104314579137,1756904141305
1756904141.994497,4343.4,0.0199,sell,104279267198491,1756904141476
1756904141.994497,4343.4,0.0937,sell,134925425369443,1756904141476
1756904141.994497,4342.9,0.4605,sell,764071291988732,1756904141476
1756904141.994497,4342.7,0.19,sell,499745734225251,1756904141476
1756904141.994497,4342.7,0.9142,sell,14708787447182,1756904141476
1756904141.994497,4342.4,0.0046,sell,956092800460368,1756904141476
1756904141.994497,4342.4,0.2634,sell,598658681563128,1756904141476
1756904142.2292309,4342.4,0.1135,buy,834006425582331,1756904141855
1756904144.0522814,4342.4,0.675,buy,484929545660043,1756904143355
1756904144.3843818,4342.4,0.0808,buy,324838940473020,1756904144039
1756904145.3909454,4342.4,0.0073,buy,318882957015287,1756904145001
1756904146.1769285,4342.4,0.1135,buy,395689564376280,1756904145765
1756904146.3095918,4342.3,0.0747,sell,862983851503682,1756904145957
1756904146.4739797,4342.4,0.3407,buy,1118311776634705,1756904146037
1756904146.585469,4342.3,0.0086,sell,1053821485177158,1756904146191
1756904147.2009757,4342.4,9.4577,buy,911799983101241,1756904146779
1756904147.2009757,4342.4,10.0,buy,480491545760914,1756904146779
1756904147.2009757,4342.4,7.0,buy,890843606375169,1756904146779
1756904147.2009757,4342.4,4.6052,buy,280884832639385,1756904146779
1756904147.2009757,4342.4,4.6052,buy,444193481139773,1756904146779
1756904147.2009757,4342.4,4.608,buy,920729898964386,1756904146779
1756904147.2009757,4342.4,4.6057,buy,317676689975388,1756904146779
1756904147.2009757,4342.4,4.147,buy,275026382620209,1756904146779
1756904147.2009757,4342.4,5.0,buy,349534295990826,1756904146779
1756904147.2009757,4342.4,10.0,buy,599199037357035,1756904146779
1756904147.2009757,4342.4,5.0,buy,204345383366743,1756904146779
1756904147.2009757,4342.4,10.0,buy,268698437471221,1756904146779
1756904147.2009757,4342.4,4.6052,buy,969352356080664,1756904146779
1756904147.2009757,4342.4,1.8141,buy,982801542619331,1756904146779
1756904147.2009757,4342.4,0.5941,buy,553527089168246,1756904146779
1756904147.2009757,4342.4,0.8028,buy,743050839810812,1756904146779
1756904147.2009757,4342.4,9.8,buy,442739299590793,1756904146779
1756904147.2009757,4342.4,3.355,buy,38006041334543,1756904146779
1756904147.3475947,4342.4,0.0166,buy,993666424979165,1756904147054
1756904147.4845293,4342.4,0.5831,buy,705706905111947,1756904147124
1756904147.4845293,4342.4,1.1993,buy,464548066070878,1756904147124
1756904148.736109,4342.3,0.0068,sell,413257588940158,1756904148024
1756904148.9542003,4342.4,0.2,buy,473627529146645,1756904148381
1756904148.9542003,4342.4,0.1135,buy,420042430167391,1756904148461
1756904148.9542003,4342.4,0.0068,buy,289594261361835,1756904148461
1756904149.1825142,4342.3,0.007,sell,272745607812539,1756904148759
1756904149.1825142,4342.2,2.291,sell,356840838442638,1756904148759
1756904149.4366226,4342.2,0.0028,sell,262852657578882,1756904149024
1756904150.5542438,4342.2,0.113,sell,746817799989434,1756904150030
1756904151.426661,4342.2,0.7122,sell,960041372249461,1756904151005
1756904152.7594008,4342.3,0.1135,buy,319726062932893,1756904152225
1756904152.9653988,4342.3,0.05,buy,455074885599500,1756904152701
1756904153.6236887,4342.2,0.0057,sell,531779659218698,1756904153081
1756904153.6236887,4342.3,0.0039,buy,177623972680528,1756904153181
1756904154.989989,4342.3,0.1135,buy,74290596312983,1756904154511
1756904157.4660585,4342.2,0.0753,sell,120408395714428,1756904157013
1756904158.6792727,4342.3,0.1135,buy,323717338627185,1756904158112
1756904159.9723136,4342.3,0.0101,buy,536918768445425,1756904159622
1756904160.9261582,4342.3,0.1135,buy,588970290994331,1756904160489
1756904162.5658286,4342.3,0.046,buy,178866658567760,1756904162025
1756904162.8923316,4342.2,2.3028,sell,118990037091068,1756904162429
1756904163.1056688,4342.3,0.1056,buy,170579935627225,1756904162570
1756904163.1056688,4342.3,0.0706,buy,734963543836915,1756904162570
1756904163.24036,4342.2,28.3064,sell,256039043518877,1756904162734
1756904163.24036,4342.2,0.008,sell,846059010766493,1756904162734
1756904164.1734893,4342.1,0.009,sell,122618332501102,1756904163024
1756904164.7705956,4342.0,23.0905,sell,297161610261676,1756904164269
1756904164.7705956,4341.8,25.476,sell,1114690086180103,1756904164269
1756904164.7705956,4341.8,12.284,sell,1073985763512183,1756904164269
1756904164.7705956,4341.8,0.2318,sell,312666437691353,1756904164269
1756904164.8257215,4341.7,0.24,sell,252917989122581,1756904164389
1756904164.8257215,4341.8,0.1135,buy,1076426658244883,1756904164389
1756904164.9152575,4341.7,3.76,sell,220580707148991,1756904164590
1756904164.9152575,4341.7,0.0046,sell,339634158453464,1756904164590
1756904165.5484486,4341.6,1.6121,sell,114061074966652,1756904165164
1756904165.5484486,4341.6,0.5419,sell,458778875863296,1756904165164
1756904165.5484486,4341.6,0.0538,sell,1000406825257687,1756904165164
1756904165.5484486,4341.6,0.0032,sell,483576107016753,1756904165164
1756904165.5484486,4341.6,0.3196,sell,664389266898314,1756904165164
1756904165.5484486,4341.4,0.6234,sell,1122789056119723,1756904165164
1756904166.4317331,4341.4,0.0115,sell,340156126529330,1756904166132
1756904166.4317331,4341.4,0.0115,sell,545225942241588,1756904166132
1756904166.8219209,4341.5,0.1135,buy,1023175137130865,1756904166467
1756904167.4010067,4341.5,0.0026,buy,474446225363917,1756904167009
1756904169.5697045,4341.5,0.0026,buy,389425553009206,1756904169012
1756904169.5697045,4341.4,0.0753,sell,377232369453017,1756904169012
1756904170.3236346,4341.4,0.0355,sell,66469830207349,1756904170028
1756904170.3236346,4341.5,0.0034,buy,1098975027685886,1756904170028
1756904170.8633654,4341.5,0.1135,buy,107544074808854,1756904170570
1756904171.793667,4341.5,0.0153,buy,108280317410043,1756904171495
1756904172.2875545,4341.5,0.0035,buy,146440339017205,1756904171973
1756904172.707291,4341.5,0.003,buy,929711813167514,1756904172373
1756904173.9911213,4341.5,0.1135,buy,9908079515018,1756904173176
1756904174.6633332,4341.4,0.5758,sell,768772364705369,1756904174253
1756904175.0828183,4341.4,16.1834,sell,614729370899755,1756904174681
1756904175.4153018,4341.5,0.0074,buy,503107550406734,1756904175031
1756904175.6479182,4341.4,0.0069,sell,221508314456608,1756904175336
1756904176.395719,4341.5,0.2604,buy,49301171391463,1756904176031
1756904176.8592772,4341.5,0.0461,buy,233490543630020,1756904176555
1756904177.37664,4341.5,0.0051,buy,762879796280380,1756904176915
1756904177.5154216,4341.5,0.0166,buy,4329973733378,1756904177056
1756904177.571434,4341.4,0.283,sell,1113201685092042,1756904177113
1756904177.7742805,4341.4,19.9537,sell,1051917837504786,1756904177258
1756904177.7742805,4341.4,0.005,sell,974379212684024,1756904177258
1756904177.7742805,4341.4,0.014,sell,849602613791271,1756904177258
1756904177.7742805,4341.4,3.9412,sell,496633699056407,1756904177258
1756904178.013143,4341.1,0.1135,buy,57474134492832,1756904177656
1756904178.013143,4341.0,0.02,sell,1152134787287,1756904177656
1756904178.013143,4341.0,0.22,sell,786430006976151,1756904177656
1756904178.013143,4341.0,0.691,sell,492349350197015,1756904177656
1756904178.013143,4341.0,0.2303,sell,804516074215844,1756904177656
1756904178.013143,4341.0,0.13,sell,371905527609635,1756904177656
1756904178.050653,4341.0,0.15,sell,188718905416975,1756904177732
1756904178.050653,4341.0,0.0052,sell,460693770445945,1756904177732
1756904179.8052256,4341.0,0.0028,sell,537411609186784,1756904179066
1756904180.175476,4341.1,0.1135,buy,158268074414695,1756904179919
1756904180.3629737,4341.0,0.113,sell,372321386676800,1756904180027
1756904181.9329653,4341.0,36.2177,sell,412591376442803,1756904181655
1756904181.9329653,4341.0,0.5,sell,466790897275460,1756904181655
1756904181.9329653,4341.0,4.0,sell,941986592889486,1756904181655
1756904181.9329653,4341.0,0.7784,sell,131648700829326,1756904181655
1756904181.9329653,4341.0,2.3036,sell,989358791425526,1756904181655
1756904181.9329653,4341.0,4.5534,sell,323087170085020,1756904181655
1756904183.4815636,4341.4,0.0057,sell,820850571555317,1756904183046
1756904183.4815636,4341.5,2.3028,buy,1028281968457273,1756904183046
1756904183.7067037,4341.5,1.2783,buy,109769848277208,1756904183132
1756904184.2323537,4341.5,0.1135,buy,60259312498871,1756904183311
1756904184.2323537,4341.5,2.3028,buy,17409296098361,1756904183495
1756904184.2323537,4341.5,0.967,buy,1071502493042201,1756904183495
1756904184.2323537,4341.5,15.0356,buy,343868804664846,1756904183718
1756904184.2323537,4341.5,22.0,buy,546004396528644,1756904183718
1756904184.7347238,4342.5,0.1151,buy,113098502230105,1756904184363
1756904184.7347238,4342.6,0.0349,buy,15447369355353,1756904184363
1756904186.0061789,4342.7,0.0196,sell,1103159163102016,1756904185603
1756904186.3874981,4343.0,0.035,buy,834212726868905,1756904185928
1756904186.3874981,4343.2,0.0785,buy,759703652263300,1756904185928
1756904187.1853867,4343.1,0.0223,sell,1034096928354415,1756904186878
1756904187.4157734,4343.1,0.0753,sell,795271774851530,1756904187026
1756904189.3103237,4343.2,0.015,buy,1022937606334621,1756904188579
1756904190.889737,4343.1,0.0045,sell,470714205021916,1756904190293
1756904191.0868464,4343.2,0.1135,buy,462617071782980,1756904190568
1756904193.3748593,4343.7,0.0517,buy,367889483036547,1756904193019
1756904193.3748593,4343.7,0.1135,buy,768715945153355,1756904193019
1756904195.9849226,4343.6,4.6045,sell,928575451541448,1756904195655
1756904196.523992,4343.7,0.0937,buy,459176602454935,1756904196258
1756904196.6742198,4344.1,0.1135,buy,42965082434919,1756904196328
1756904197.2762942,4344.1,0.15,buy,678446118085814,1756904196626
1756904199.318849,4344.1,0.1135,buy,212596386489621,1756904198844
1756904199.5564923,4344.0,0.0754,sell,487168267620222,1756904199054
1756904199.7310097,4344.1,0.8784,buy,421663160569311,1756904199387
1756904200.351453,4344.0,0.0355,sell,817717631603350,1756904200018
1756904200.351453,4344.1,0.0035,buy,916168063379047,1756904200018
1756904200.9657097,4344.0,4.8891,sell,548281271427181,1756904200607
1756904200.9657097,4344.0,0.0264,sell,725076109637549,1756904200607
1756904200.9657097,4344.0,4.926,sell,617131933768468,1756904200607
1756904200.9657097,4344.0,5.0,sell,869631849536492,1756904200607
1756904200.9657097,4344.0,10.0,sell,1097885108864708,1756904200607
1756904200.9657097,4344.0,5.0,sell,634902061049454,1756904200607
1756904200.9657097,4344.0,0.8133,sell,1013558595309042,1756904200607
1756904200.9657097,4344.0,10.0,sell,375324021136420,1756904200607
1756904200.9657097,4344.0,10.0,sell,727017219487429,1756904200607
1756904200.9657097,4344.0,0.5061,sell,75881956995312,1756904200607
1756904200.9657097,4344.0,0.1136,sell,1109194503826013,1756904200607
1756904200.9657097,4344.0,4.6044,sell,630746152986357,1756904200607
1756904200.9657097,4344.0,10.0,sell,501772145261851,1756904200607
1756904200.9657097,4344.0,4.6044,sell,974871650443790,1756904200607
1756904200.9657097,4344.0,4.6044,sell,460408138476714,1756904200607
1756904200.9657097,4344.0,0.3356,sell,519208634442462,1756904200607
1756904200.9657097,4344.0,4.6044,sell,993540567956290,1756904200607
1756904200.9657097,4344.0,4.6044,sell,57386311506944,1756904200607
1756904200.9657097,4344.0,0.5086,sell,101739649514178,1756904200607
1756904200.9657097,4344.0,12.6616,sell,357168337063074,1756904200607
1756904200.9657097,4344.0,7.4073,sell,1029899350153672,1756904200607
1756904200.9657097,4344.0,27.095,sell,623720385740087,1756904200607
1756904201.4394982,4344.1,8.7411,buy,193288348526745,1756904201005
1756904201.7331588,4344.9,0.0046,buy,884891751813743,1756904201315
1756904201.7331588,4345.2,0.1454,buy,50528107703061,1756904201315
1756904201.7331588,4345.2,0.15,buy,118188631231524,1756904201315
1756904201.7331588,4345.2,0.15,buy,358455872700969,1756904201315
1756904201.7331588,4345.2,0.15,buy,737939523721651,1756904201315
1756904201.8281806,4345.2,0.15,buy,376116733727681,1756904201321
1756904201.8281806,4345.2,0.15,buy,391280488663419,1756904201321
1756904201.8281806,4345.2,0.15,buy,979044861660014,1756904201321
1756904201.8281806,4345.2,0.15,buy,101999134911508,1756904201321
1756904201.8281806,4345.2,0.15,buy,128265030161409,1756904201321
1756904201.8281806,4345.2,0.0276,buy,311757557960337,1756904201321
1756904201.8281806,4345.2,0.008,buy,253608642010929,1756904201321
1756904201.8281806,4345.2,0.1144,buy,411703724774316,1756904201321
1756904201.8281806,4345.2,0.123,buy,632505498960503,1756904201321
1756904201.8281806,4345.4,0.027,buy,229777698769102,1756904201321
1756904201.926618,4345.4,0.15,buy,502049745515139,1756904201457
1756904201.926618,4345.4,0.0604,buy,368543951594595,1756904201457
1756904201.926618,4345.4,0.0896,buy,833947749895928,1756904201457
1756904202.3929164,4345.8,0.15,buy,656894480265409,1756904201905
1756904202.3929164,4345.8,0.15,buy,854838571772914,1756904201905
1756904202.4538677,4345.8,0.15,buy,336251980602142,1756904201974
1756904202.4538677,4345.8,0.0102,buy,88950448234827,1756904201974
1756904202.4538677,4345.8,0.1398,buy,232144180562722,1756904201974
1756904202.6575935,4345.8,0.0976,buy,419974456847764,1756904202295
1756904202.6575935,4345.8,0.0159,buy,469122426454646,1756904202295
1756904202.6575935,4345.8,0.9349,buy,439873280242679,1756904202295
1756904202.8535805,4345.8,0.0231,buy,1030013014917909,1756904202517
1756904203.996369,4345.8,0.7104,buy,706568730614250,1756904203282
1756904205.066779,4346.2,0.1135,buy,79946053757,1756904204775
1756904205.6650934,4346.2,0.0073,buy,591952913389322,1756904205085
1756904206.3516042,4346.2,0.2355,buy,824584150592155,1756904206016
1756904207.3766384,4346.2,0.0166,buy,72212900698982,1756904207042
1756904207.465597,4346.2,10.7225,buy,992183746024383,1756904207108
1756904207.465597,4346.2,0.7923,buy,932865368372332,1756904207108
1756904207.465597,4346.2,0.2374,buy,830867996182948,1756904207108
1756904207.465597,4346.2,0.11,buy,64550380275977,1756904207108
1756904207.465597,4346.2,12.6549,buy,876855870579484,1756904207108
1756904207.465597,4346.2,9.8,buy,782418622160087,1756904207108
1756904207.465597,4346.2,1.2415,buy,237738278757897,1756904207108
1756904207.465597,4346.2,9.1915,buy,534287811212220,1756904207108
1756904207.465597,4346.2,4.6023,buy,405765074981501,1756904207108
1756904207.465597,4346.2,4.6018,buy,366836350533549,1756904207108
1756904207.465597,4346.2,4.6018,buy,573886334304772,1756904207108
1756904207.465597,4346.2,4.6015,buy,214543168707103,1756904207108
1756904207.465597,4346.2,36.8425,buy,576620455173488,1756904207108
1756904208.0933268,4346.1,0.0047,sell,636284283263824,1756904207703
1756904209.439199,4346.2,0.2,buy,378801752899133,1756904208745
1756904209.439199,4346.2,0.0068,buy,638347840432639,1756904208745
1756904210.3626618,4346.1,0.113,sell,995320137766094,1756904210059
1756904211.138888,4346.2,0.0246,buy,595491698359638,1756904210856
1756904211.4062262,4346.2,0.1135,buy,1075678151580680,1756904211027
1756904212.8325925,4345.8,0.007,buy,75099752238291,1756904212362
1756904213.4131906,4345.7,0.0057,sell,432889914779850,1756904213078
1756904215.0711744,4345.6,0.05,buy,385175939897715,1756904214757
1756904216.351444,4345.4,1.9626,buy,146283748736254,1756904216023
1756904216.9653318,4345.4,0.1135,buy,410150334304837,1756904216642
1756904217.3833413,4345.3,0.0753,sell,467520974200129,1756904217029
1756904217.7641006,4345.4,0.0024,buy,1065936260647851,1756904217355
1756904220.6265345,4345.4,0.1135,buy,1039355753258486,1756904220320
1756904222.6637192,4346.2,0.0101,buy,959371687416331,1756904222286
1756904222.6637192,4346.2,0.1049,buy,451192183611020,1756904222286
1756904222.6637192,4346.3,0.0086,buy,538257369055962,1756904222286
1756904225.2332551,4347.0,0.0121,buy,205924318428374,1756904224922
1756904225.2332551,4347.0,0.0046,buy,733318006627720,1756904224922
1756904225.2332551,4347.0,0.035,buy,352554348302114,1756904224922
1756904225.2332551,4347.0,0.0983,buy,438538067320872,1756904224922
1756904225.6386826,4347.0,0.14,buy,558877308030895,1756904225084
1756904226.2414896,4346.9,0.937,sell,275990439284916,1756904225774
1756904226.2414896,4346.9,0.1135,sell,158222492195551,1756904225774
1756904226.2414896,4346.9,0.2015,sell,94661033907355,1756904225774
1756904226.3281858,4346.9,1.252,sell,321908701452086,1756904225977
1756904226.4305282,4347.0,0.1135,buy,592420363857733,1756904226029
1756904227.0253642,4347.0,0.77,buy,497777969888117,1756904226645
1756904227.4322674,4347.0,0.0026,buy,610943648488766,1756904227027
1756904228.8633037,4347.0,0.035,buy,526347846338672,1756904228457
1756904228.8633037,4347.0,0.0785,buy,950851432673789,1756904228457
1756904229.5639691,4347.0,0.0026,buy,569292339100694,1756904229021
1756904229.5639691,4346.9,0.0753,sell,444179651174281,1756904229021
1756904230.4160721,4346.9,0.0407,sell,506552564608303,1756904229956
1756904230.6415498,4346.9,0.0355,sell,314900811199517,1756904230018
1756904230.6415498,4347.0,0.0035,buy,337574888055017,1756904230018
1756904230.6415498,4346.9,0.039,sell,387926930297527,1756904230018
1756904230.9185612,4347.0,0.0936,buy,1026443979541767,1756904230501
1756904231.211175,4347.1,0.15,buy,255756618736473,1756904230567
1756904231.211175,4347.1,0.0299,buy,277538218202410,1756904230567
1756904231.211175,4347.1,0.1201,buy,846313781002179,1756904230567
1756904231.31389,4347.1,0.15,buy,772577463739431,1756904230802
1756904231.31389,4347.1,0.15,buy,955353149187331,1756904230802
1756904231.31389,4347.1,0.15,buy,71748655086019,1756904230802
1756904231.31389,4347.1,0.15,buy,511977593255878,1756904230802
1756904231.31389,4347.1,0.15,buy,631033714837084,1756904230802
1756904231.31389,4347.1,0.15,buy,254725941674060,1756904230802
1756904231.31389,4347.1,0.15,buy,478568245922296,1756904230802
1756904231.31389,4347.1,0.15,buy,39773883022474,1756904230802
1756904231.31389,4347.1,0.15,buy,493533102129366,1756904230802
1756904231.31389,4347.1,0.15,buy,583780039049794,1756904230802
1756904231.31389,4347.1,0.15,buy,99507244889559,1756904230802
1756904231.31389,4347.1,0.15,buy,1067539391727687,1756904230802
1756904231.31389,4347.1,2.3028,buy,958896863253638,1756904230802
1756904231.31389,4347.1,0.0115,buy,296883489719802,1756904230802
1756904231.4487164,4347.1,0.15,buy,943566696887825,1756904230813
1756904231.4487164,4347.1,0.15,buy,1097394763308120,1756904230813
1756904231.4487164,4347.1,0.15,buy,417067721492489,1756904230813
1756904231.4487164,4347.1,0.0115,buy,852190757591393,1756904230813
1756904231.4487164,4347.1,0.15,buy,157410824660025,1756904230813
1756904231.4487164,4347.1,0.15,buy,565176912881007,1756904230813
1756904231.4487164,4347.1,0.15,buy,145576359964599,1756904230813
1756904231.7941358,4347.1,0.23,buy,463228208017565,1756904231324
1756904231.8566346,4347.1,0.23,buy,1059142052624491,1756904231460
1756904232.5533814,4347.1,0.2376,buy,388297631036921,1756904231886
1756904232.6076643,4347.1,0.1135,buy,976644390559377,1756904232004
1756904233.0140362,4347.0,0.0115,buy,255486256625988,1756904232539
1756904233.0140362,4347.0,0.0115,buy,1010097071722798,1756904232539
1756904234.7131178,4347.1,0.1135,buy,674406297422835,1756904234234
1756904235.5051608,4347.1,0.0074,buy,971404698585852,1756904235067
1756904236.360251,4347.0,0.3189,sell,369443689513551,1756904235959
1756904236.360251,4347.0,0.1824,sell,424122484898545,1756904235959
1756904236.360251,4347.0,0.1348,sell,85629710111259,1756904235959
1756904236.4607959,4347.1,0.2908,buy,890582965947899,1756904236061
1756904236.4607959,4347.1,0.0166,buy,530472924571572,1756904236061
1756904237.6517837,4347.1,1.25,buy,446205812728181,1756904237277
1756904238.3121066,4347.0,0.0058,sell,677947962771770,1756904237893
1756904238.5282567,4347.1,0.1135,buy,731647525957888,1756904238147
1756904239.8258655,4346.6,0.0028,sell,193426811474736,1756904239036
1756904240.662021,4346.6,0.1129,sell,233863685102568,1756904240119
1756904242.475793,4346.2,0.1434,sell,119525165210837,1756904242154
1756904242.475793,4346.2,0.9904,sell,462800362702367,1756904242154
1756904242.8432841,4346.3,0.1135,buy,416320912628062,1756904242578
1756904243.4066982,4346.2,0.0057,sell,445959780315548,1756904243055
1756904243.74987,4346.2,0.0401,sell,870866584287483,1756904243422
1756904245.312199,4346.2,2.298,buy,232503651863958,1756904244975
1756904247.0828779,4346.2,0.1135,buy,387960094249114,1756904246680
1756904497.4345198,4351.6,0.198,sell,82136124904528,1756904471004
1756904497.4345198,4351.6,0.23,sell,932535097158140,1756904471004
1756904497.4345198,4351.6,0.23,sell,889617640971806,1756904471004
1756904497.4345198,4351.6,0.23,sell,733093131217628,1756904471484
1756904497.4345198,4351.8,4.6393,sell,350205049924165,1756904473983
1756904497.4345198,4351.8,9.4629,sell,1038588023901377,1756904473983
1756904497.4345198,4351.9,0.286,buy,976519098105434,1756904474170
1756904497.4345198,4351.9,0.0074,buy,614298125394834,1756904475056
1756904497.4345198,4351.9,0.3629,buy,945578158300893,1756904476116
1756904497.4345198,4351.9,0.0166,buy,429579174745015,1756904476116
1756904497.4345198,4351.8,0.0072,sell,721930049484704,1756904478066
1756904497.4345198,4351.1,0.0028,sell,912946403022854,1756904479069
1756904497.4345198,4351.1,0.113,sell,381470190111781,1756904480002
1756904497.4345198,4351.1,0.0076,sell,429488598640670,1756904480908
1756904497.4345198,4350.7,0.0057,sell,731712845096155,1756904483046
1756904497.4345198,4350.4,0.028,sell,950245139714307,1756904484129
1756904497.4345198,4350.4,0.0045,sell,518046890471179,1756904484129
1756904497.4345198,4350.4,0.008,sell,180857146986924,1756904484129
1756904497.4345198,4350.4,0.3042,sell,759713234849266,1756904484129
1756904497.4345198,4350.3,0.7833,buy,119428277803445,1756904484422
1756904497.4345198,4350.1,0.3902,buy,478489744940314,1756904484541
1756904497.4345198,4350.1,0.3902,buy,751392573083125,1756904484541
1756904497.4345198,4350.1,0.0013,buy,572328162369321,1756904484541
1756904497.4345198,4350.0,0.0753,sell,419659870493268,1756904487028
1756904497.4345198,4350.0,2.2511,sell,836492407779370,1756904487518
1756904497.4345198,4350.1,1.1424,sell,84596730975421,1756904491548
1756904497.4345198,4350.2,0.38,buy,788158365077516,1756904492483
1756904497.4345198,4350.2,0.38,buy,763794678571014,1756904492556
1756904497.4345198,4350.3,1.0,sell,709855679577359,1756904494697
1756904497.4345198,4350.4,2.4735,buy,52305454505055,1756904495422
1756904497.6924534,4350.4,0.0026,buy,215640370167350,1756904497034
1756904498.2287068,4350.4,0.4122,buy,91499914429982,1756904497781
1756904498.2292206,4350.4,1.1057,buy,60252895433517,1756904497844
1756904499.5279772,4350.4,0.0026,buy,984108177042335,1756904499037
1756904499.5279772,4350.3,0.0753,sell,814816923567691,1756904499037
1756904499.6730788,4350.4,0.2126,buy,755000454641119,1756904499239
1756904500.4687843,4349.6,0.0223,sell,455206085598805,1756904500049
1756904500.4687843,4349.6,0.0132,sell,32478090163179,1756904500049
1756904500.4687843,4349.7,0.0035,buy,476115319914942,1756904500049
1756904551.9954536,4355.7,11.4793,buy,603308799884828,1756904537414
1756904551.9954536,4355.7,20.2752,buy,354305378141808,1756904537414
1756904551.9954536,4355.6,0.006,sell,32384575327730,1756904538576
1756904551.9954536,4355.6,0.2295,sell,322998996073804,1756904538650
1756904551.9954536,4355.6,0.0028,sell,401871065574213,1756904539080
1756904551.9954536,4355.6,4.3555,sell,644238169479746,1756904539690
1756904551.9954536,4355.6,10.0,sell,204153445134161,1756904539690
1756904551.9954536,4355.6,5.0,sell,614919004536741,1756904539690
1756904551.9954536,4355.6,10.0,sell,924066994874196,1756904539690
1756904551.9954536,4355.6,10.0,sell,628983650291037,1756904539690
1756904551.9954536,4355.6,10.0,sell,438258686119213,1756904539690
1756904551.9954536,4355.6,5.0,sell,337542229221526,1756904539690
1756904551.9954536,4355.6,5.0,sell,957903705045765,1756904539690
1756904551.9954536,4355.6,7.0,sell,1056128506488256,1756904539690
1756904551.9954536,4355.6,4.5928,sell,190276815853379,1756904539690
1756904551.9954536,4355.6,2.2957,sell,1109037799852558,1756904539690
1756904551.9954536,4355.6,2.2957,sell,610751164183402,1756904539690
1756904551.9954536,4355.2,0.2486,sell,268361390265320,1756904539690
1756904551.9954536,4355.0,9.8,sell,15298652217234,1756904539690
1756904551.9954536,4355.0,0.2486,sell,31989301500568,1756904539690
1756904551.9954536,4355.0,0.1148,sell,568417942714262,1756904539690
1756904551.9954536,4354.9,3.6605,sell,1017354227366356,1756904539690
1756904551.9954536,4354.9,0.113,sell,1125627489785024,1756904540097
1756904551.9954536,4355.0,4.1184,buy,946466652857366,1756904541696
1756904551.9954536,4355.0,0.8816,buy,445454259512216,1756904541696
1756904551.9954536,4355.0,0.1897,buy,496644674305923,1756904542671
1756904551.9954536,4354.9,0.0057,sell,736160336021797,1756904543077
1756904551.9954536,4354.9,0.028,sell,131977596260426,1756904543838
1756904551.9954536,4355.0,0.7077,buy,900075696476724,1756904544840
1756904551.9954536,4355.6,0.0753,sell,635468210196923,1756904547022
1756904553.1512876,4355.7,0.1147,buy,680848713633287,1756904552576
1756904554.3373706,4355.6,0.7167,sell,955896703964907,1756904554000
1756904555.3673158,4355.7,0.01,buy,333320707993153,1756904554888
1756904556.169835,4355.6,0.05,sell,952741761354833,1756904555856
1756904557.5934358,4355.7,0.0026,buy,661814878974730,1756904557085
1756904559.5904067,4356.0,0.0026,buy,755213209523768,1756904559013
1756904559.5904067,4355.9,0.0753,sell,466460543714658,1756904559013
1756904560.640971,4355.9,0.0355,sell,273099194197168,1756904560032
1756904560.640971,4356.0,0.0035,buy,589500373434550,1756904560032
1756904561.3030503,4355.8,0.1959,buy,133703891992125,1756904560930
1756904561.3030503,4355.8,0.0263,buy,154203837679725,1756904560930
1756904563.361938,4355.8,4.5826,buy,677348240002600,1756904562816
1756904563.361938,4355.8,5.9024,buy,359559900688431,1756904562816
1756904563.361938,4355.8,24.9593,buy,1075440685081703,1756904562816
1756904563.361938,4355.9,0.1834,buy,426752982945147,1756904562816
1756904563.361938,4355.9,0.3712,buy,942004491443905,1756904562816
1756904563.361938,4356.0,0.23,buy,125513030433335,1756904562816
1756904563.361938,4356.0,0.0932,buy,113060086164690,1756904562816
1756904563.361938,4356.1,0.9142,buy,265867364210322,1756904562816
1756904563.361938,4356.1,12.5995,buy,735232943378412,1756904562816
1756904563.361938,4356.1,3.4434,buy,39582546264467,1756904562816
1756904563.361938,4356.2,0.1408,buy,588915357244517,1756904562816
1756904563.361938,4356.2,25.2141,buy,911173182387567,1756904562816
1756904563.361938,4356.2,3.4433,buy,368665623958253,1756904562816
1756904563.361938,4356.3,17.9226,buy,93884770065008,1756904562816
1756904563.8019469,4356.2,0.01,sell,1056945793137653,1756904563269
1756904565.181437,4355.8,0.6901,buy,521156235583718,1756904564832
1756904565.383007,4355.8,0.0074,buy,594642004760870,1756904565033
1756904565.7625384,4355.7,0.056,sell,649098342439650,1756904565436
1756904566.5852928,4355.8,0.0167,buy,807957260729206,1756904566041
1756904569.4014254,4356.4,0.008,buy,1023618683467254,1756904568875
1756904569.4014254,4356.5,0.459,buy,485513441519408,1756904568875
1756904569.4014254,4356.6,0.0052,buy,836699607160609,1756904568875
1756904569.4014254,4356.7,0.024,buy,979882324040142,1756904568875
1756904569.5166035,4356.3,0.0028,sell,299685175397682,1756904569009
1756904570.1196783,4356.9,0.1761,sell,80606610827100,1756904569709
1756904570.4415998,4356.9,0.1129,sell,1081903173123278,1756904570030
1756904570.6446676,4356.9,0.0036,sell,1009473125407319,1756904570086
1756904570.8661885,4356.9,0.937,sell,1303591399716,1756904570450
1756904570.8661885,4356.9,0.0492,sell,645354753075283,1756904570450
1756904571.1683526,4357.0,0.008,buy,459554600131472,1756904570710
1756904571.1683526,4357.0,24.9524,buy,95745660827408,1756904570710
1756904571.1683526,4357.3,0.0245,buy,1049217942219773,1756904570710
1756904571.1683526,4357.3,0.1833,buy,730870330135809,1756904570710
1756904571.1683526,4357.3,0.1408,buy,857632795424104,1756904570710
1756904571.1683526,4357.4,0.008,buy,638509263741783,1756904570710
1756904571.1683526,4357.4,0.1833,buy,1011203837929221,1756904570710
1756904571.1683526,4357.5,0.0045,buy,879733039977837,1756904570710
1756904571.1683526,4357.6,9.4751,buy,881821697441789,1756904570710
1756904571.1683526,4357.6,0.5829,buy,918226583732575,1756904570710
1756904571.1683526,4357.7,0.23,buy,57058521955416,1756904570710
1756904571.1683526,4357.7,0.23,buy,420457786303383,1756904570710
1756904571.1683526,4357.7,0.23,buy,920486191634562,1756904570710
1756904571.1683526,4357.7,0.23,buy,55555310106927,1756904570710
1756904571.1683526,4357.7,0.23,buy,255231908200281,1756904570710
1756904571.1683526,4357.7,0.23,buy,380539524104980,1756904570710
1756904571.1683526,4357.7,0.23,buy,537748797555777,1756904570710
1756904571.1683526,4357.7,0.23,buy,782150261150366,1756904570710
1756904571.1683526,4357.7,0.23,buy,1068637965002744,1756904570710
1756904571.1683526,4357.7,0.4864,buy,632381295577093,1756904570710
1756904571.1683526,4357.7,1.3634,buy,686613630696131,1756904570710
1756904571.1683526,4357.8,0.23,buy,420542415208096,1756904570710
1756904571.1683526,4357.8,0.23,buy,579696349656350,1756904570710
1756904571.1683526,4357.8,0.23,buy,763535012957642,1756904570710
1756904571.1683526,4357.8,0.23,buy,929746783891631,1756904570710
1756904571.1683526,4357.8,0.23,buy,1009435752964685,1756904570710
1756904571.1683526,4357.8,0.23,buy,245992548775935,1756904570710
1756904571.1683526,4357.8,0.23,buy,742076092934996,1756904570710
1756904571.1683526,4357.8,0.23,buy,769562459246072,1756904570710
1756904571.1683526,4357.8,0.23,buy,943434838604610,1756904570710
1756904571.1683526,4357.8,12.6247,buy,731122769248401,1756904570710
1756904571.1683526,4357.9,0.025,buy,1082032641544923,1756904570710
1756904571.1683526,4357.9,11.4734,buy,457909005570554,1756904570710
1756904571.1683526,4357.9,4.8117,buy,595233285487252,1756904570710
1756904571.9542944,4357.9,0.0104,buy,651846815717970,1756904571318
1756904573.5258167,4357.8,0.0057,sell,357717808949685,1756904573035
1756904574.5526855,4357.5,0.6503,buy,438262697867013,1756904574138
1756904574.5526855,4357.5,7.1867,buy,136400510590847,1756904574138
1756904574.5526855,4357.5,9.3025,buy,440061612712676,1756904574138
1756904574.5526855,4357.5,1.2788,buy,827098950622735,1756904574138
1756904574.5526855,4357.5,2.498,buy,1023252416454443,1756904574138
1756904574.5526855,4357.5,4.7735,buy,1116707561442323,1756904574138
1756904574.5526855,4357.5,1.7352,buy,385236083391675,1756904574138
1756904574.5526855,4357.5,6.4009,buy,450347134582014,1756904574138
1756904574.5526855,4357.5,0.5274,buy,402865633898312,1756904574138
1756904574.5526855,4357.5,3.4423,buy,687034680987584,1756904574138
1756904574.5526855,4357.5,0.1833,buy,847474893206683,1756904574138
1756904574.5526855,4357.5,21.6013,buy,14571460999322,1756904574138
1756904574.5526855,4357.6,0.23,buy,484137783909783,1756904574138
1756904574.5526855,4357.6,2.4,buy,60870472605099,1756904574138
1756904574.5526855,4357.6,3.4422,buy,463958615683498,1756904574138
1756904574.5526855,4357.6,44.5812,buy,30338827124225,1756904574138
1756904574.5526855,4357.6,9.4751,buy,148301754035114,1756904574138
1756904574.5526855,4357.7,0.3267,buy,1097058223681342,1756904574138
1756904574.5526855,4357.7,3.4421,buy,383493365817974,1756904574138
1756904574.5526855,4357.8,3.4421,buy,1042688630263867,1756904574138
1756904574.5526855,4357.8,76.411,buy,684695556451986,1756904574138
1756904574.5526855,4357.9,0.2196,buy,5888872893089,1756904574138
1756904574.5526855,4357.9,0.23,buy,783905760223323,1756904574138
1756904574.5526855,4357.9,0.23,buy,754172179636126,1756904574138
1756904574.5526855,4357.9,0.23,buy,132018102328564,1756904574138
1756904574.5526855,4357.9,0.23,buy,191339735931979,1756904574138
1756904574.5526855,4357.9,0.23,buy,1118186471651337,1756904574138
1756904574.5526855,4357.9,0.23,buy,197207398234692,1756904574138
1756904574.5526855,4357.9,0.23,buy,143795537238532,1756904574138
1756904574.5526855,4357.9,0.23,buy,382323400061765,1756904574138
1756904574.5526855,4357.9,11.4734,buy,428392890601012,1756904574138
1756904574.5526855,4357.9,0.9142,buy,353159983763327,1756904574138
1756904574.5526855,4357.9,0.5702,buy,62694840439108,1756904574138
1756904574.5526855,4358.0,4.1759,buy,1067357722450732,1756904574138
1756904574.5526855,4358.0,0.23,buy,806380645508728,1756904574138
1756904574.5526855,4358.0,0.23,buy,750741364886393,1756904574138
1756904574.5526855,4358.0,0.23,buy,1029904162917292,1756904574138
1756904574.5526855,4358.0,0.23,buy,679275372784868,1756904574138
1756904574.5526855,4358.0,0.23,buy,336437424650419,1756904574138
1756904574.5526855,4358.0,0.23,buy,290075106790874,1756904574138
1756904574.5526855,4358.0,42.8408,buy,513451480781222,1756904574138
1756904574.5526855,4358.0,0.23,buy,773622696148775,1756904574138
1756904574.5526855,4358.0,0.23,buy,268728907213589,1756904574138
1756904574.5526855,4358.0,0.23,buy,1069808401170887,1756904574138
1756904574.5526855,4358.0,0.23,buy,306647982943745,1756904574138
1756904574.5526855,4358.0,0.23,buy,992387351228515,1756904574138
1756904574.5526855,4358.0,0.23,buy,529644460636245,1756904574138
1756904574.5526855,4358.0,0.23,buy,951322130992437,1756904574138
1756904574.5526855,4358.0,0.23,buy,121871041052496,1756904574138
1756904574.5526855,4358.0,0.23,buy,635627114047085,1756904574138
1756904574.5526855,4358.0,0.23,buy,225653955502188,1756904574138
1756904574.5526855,4358.0,0.23,buy,895871609958590,1756904574138
1756904574.5526855,4358.0,0.23,buy,845554692065743,1756904574138
1756904574.5526855,4358.0,0.23,buy,396359819968544,1756904574138
1756904574.5526855,4358.0,0.23,buy,1035289717006525,1756904574138
1756904574.5526855,4358.0,0.23,buy,600322672937100,1756904574138
1756904574.5526855,4358.0,0.23,buy,100481462812978,1756904574138
1756904574.5526855,4358.0,0.23,buy,87763206882926,1756904574138
1756904574.5526855,4358.0,0.23,buy,613383947261811,1756904574138
1756904574.5526855,4358.0,0.23,buy,1023993740192491,1756904574138
1756904574.5526855,4358.0,11.4731,buy,151142419199246,1756904574138
1756904574.5526855,4358.0,51.619,buy,295246403860721,1756904574138
1756904574.5526855,4358.0,45.12,buy,200183956307232,1756904574138
1756904574.7135117,4357.9,1.0173,sell,925421466210713,1756904574389
1756904574.7135117,4357.9,0.2294,sell,42951317486276,1756904574389
1756904575.1461616,4357.9,0.1,sell,951594546208794,1756904574849
1756904577.853863,4357.9,0.0753,sell,546652844094726,1756904577057
1756904578.450272,4357.9,0.1985,sell,682097052691240,1756904578139
1756904578.5275316,4357.5,0.0333,buy,396524688994360,1756904578200
1756904578.9572446,4357.4,0.2494,sell,308522916311429,1756904578685
1756904578.9572446,4357.4,0.4072,sell,616244824494508,1756904578685
1756904579.5298693,4357.4,0.198,sell,869115356644769,1756904579218
1756904580.607003,4357.4,0.309,sell,269125858787097,1756904580022
1756904580.607003,4357.4,0.3031,sell,113657613192407,1756904580022
1756904581.823631,4357.5,5.5165,buy,135153887117697,1756904581517
1756904583.9608526,4357.4,0.046,sell,122055071075208,1756904583578
1756904584.3323607,4357.4,0.1984,sell,1016391895890257,1756904584010
1756904584.3323607,4357.4,0.0228,sell,907945210545861,1756904584010
1756904584.3323607,4357.4,0.4955,sell,389667926789026,1756904584010
1756904585.596996,4357.5,0.2512,buy,356159187956460,1756904585268
1756904588.6219666,4357.5,0.015,buy,933615536087589,1756904588248
1756904589.3690174,4357.5,0.0026,buy,1020302378479668,1756904589052
1756904589.3690174,4357.4,0.0754,sell,506750182841452,1756904589052
1756904589.922641,4357.4,0.015,sell,256976626647039,1756904589660
1756904590.38441,4357.4,0.0355,sell,980171855974785,1756904590061
1756904590.38441,4357.5,0.0034,buy,995693460660549,1756904590061
1756904591.4131637,4357.4,0.0792,sell,616606341319989,1756904591071
1756904591.4131637,4357.4,1.1486,sell,827124880227489,1756904591071
1756904591.4131637,4357.4,0.0589,sell,481647273572138,1756904591071
1756904591.4131637,4357.4,0.0922,sell,435523610677703,1756904591071
1756904591.4131637,4357.4,0.853,sell,526930724715627,1756904591071
1756904594.5444748,4357.3,0.1309,buy,209982561276170,1756904594121
1756904594.5444748,4357.3,2.1206,buy,354959439964746,1756904594121
1756904595.4184,4357.3,0.0073,buy,921861411492968,1756904595040
1756904595.9156127,4357.3,0.0573,buy,811835729947163,1756904595495
1756904595.9156127,4357.3,2.0257,buy,366964766037042,1756904595570
1756904595.9156127,4357.3,0.2561,buy,74498510547001,1756904595570
1756904595.9156127,4357.3,0.671,buy,1121467328342811,1756904595570
1756904595.9156127,4357.3,2.1268,buy,225125095265265,1756904595570
1756904596.3700619,4357.3,0.0166,buy,673697330393937,1756904596048
1756904597.9935215,4357.3,0.0325,buy,1086201881510136,1756904597428
1756904598.5094788,4357.2,0.0459,sell,662324117289792,1756904597862
1756904599.2351475,4357.2,0.0472,sell,802865594377733,1756904598474
1756904599.4821317,4356.5,0.23,sell,439116352561031,1756904598568
1756904599.5134876,4356.4,0.0028,sell,554300609045413,1756904599048
1756904599.5134876,4356.4,0.9114,sell,47143012723033,1756904599048
1756904599.5134876,4356.4,17.2696,sell,951835263720129,1756904599048
1756904599.6687589,4356.4,0.1209,sell,558780959378308,1756904599248
1756904600.445868,4356.4,0.113,sell,324618522595305,1756904600065
1756904603.402082,4357.2,0.0057,sell,587084918806552,1756904603032
1756904603.7079,4357.2,0.1656,sell,249207292513089,1756904603325
1756904606.6352448,4358.1,0.23,buy,531984118056015,1756904606094
1756904606.6352448,4358.2,0.1844,buy,897461913097887,1756904606094
1756904607.8250868,4358.3,0.0752,sell,868287359226617,1756904607041
1756904609.1291528,4358.5,0.0256,buy,689701501388546,1756904608585
1756904609.1291528,4358.5,0.1147,buy,824574958562554,1756904608585
1756904609.1291528,4358.6,0.23,buy,703329753912966,1756904608585
1756904609.1291528,4358.6,22.0859,buy,359061342956143,1756904608585
1756904609.1291528,4358.7,0.23,buy,491044337045408,1756904608585
1756904609.1291528,4358.7,0.23,buy,503463601228386,1756904608585
1756904609.1291528,4358.7,0.23,buy,160948379261326,1756904608585
1756904609.1291528,4358.7,0.23,buy,574523819942122,1756904608585
1756904609.1291528,4358.7,0.23,buy,437480788665759,1756904608585
1756904609.1291528,4358.7,0.23,buy,1040599403649300,1756904608585
1756904609.1291528,4358.7,0.23,buy,1000302139283189,1756904608585
1756904609.1291528,4358.7,0.23,buy,387595503044279,1756904608585
1756904609.1291528,4358.7,0.23,buy,605999482298407,1756904608585
1756904609.1291528,4358.7,0.23,buy,912709488565040,1756904608585
1756904609.1291528,4358.7,0.23,buy,626928662621366,1756904608585
1756904609.1291528,4358.9,0.4588,buy,1124009668637911,1756904608585
1756904609.1291528,4358.9,0.0045,buy,359985976105680,1756904608585
1756904609.1291528,4358.9,0.1833,buy,896853749814592,1756904608585
1756904609.1291528,4359.0,10.6356,buy,29262534097348,1756904608585
1756904609.9091997,4359.0,0.1149,buy,79535982502806,1756904609290
1756904610.867059,4359.0,0.01,buy,344048693282139,1756904610189
1756904612.6593812,4357.8,0.1,sell,433975342497592,1756904611934
1756904614.512625,4358.8,0.7167,sell,731670876922414,1756904614061
1756904617.7752862,4358.9,0.0026,buy,659599933382675,1756904617088
1756904619.5119724,4358.9,0.0026,buy,778483176597072,1756904619024
1756904619.5119724,4358.8,0.0753,sell,370242399374169,1756904619024
1756904619.8678203,4358.8,0.182,sell,879387754227719,1756904619612
1756904620.279854,4358.8,0.0355,sell,967777714349379,1756904620025
1756904620.279854,4358.9,0.0035,buy,778323955589548,1756904620025
1756904622.0052376,4358.8,0.2719,sell,841827272675231,1756904621581
1756904622.0052376,4358.8,0.7812,sell,504249291849611,1756904621581
1756904622.0052376,4358.8,3.5355,sell,55251967590971,1756904621581
1756904622.3320184,4358.9,0.2213,buy,924208468176743,1756904621920
1756904622.3320184,4358.9,0.0808,buy,1111168622080215,1756904621920
1756904623.4276276,4358.9,0.1038,buy,1052147278931565,1756904623127
1756904625.5420575,4359.1,0.0074,buy,1036809160722475,1756904625071
1756904625.5784755,4359.1,0.0187,buy,282877737967196,1756904625176
1756904625.5784755,4359.1,0.0042,buy,626967844982737,1756904625176
1756904626.470655,4359.1,1.5189,buy,513211488878832,1756904625975
1756904626.552342,4359.1,0.0166,buy,305743735263190,1756904626066
1756904626.9989073,4359.0,0.1,sell,161586203434796,1756904626553
1756904629.4439173,4359.1,0.0028,sell,338015917946437,1756904629030
1756904629.4439173,4359.1,17.2025,sell,875468535395833,1756904629030
1756904629.4439173,4359.1,0.9795,sell,452756256769590,1756904629030
1756904630.5343213,4359.2,0.113,sell,736925026658419,1756904630043
1756904631.3199508,4359.3,0.005,buy,674185321047826,1756904630720
1756904631.3199508,4359.7,0.0267,buy,988333546170073,1756904630720
1756904631.6436362,4359.9,0.0045,buy,1003555475074444,1756904630872
1756904631.6436362,4360.0,0.0199,buy,1115376486259244,1756904630872
1756904631.9854918,4359.9,0.0169,sell,780949228844631,1756904631381
1756904631.9854918,4360.0,0.0259,buy,1102679123684773,1756904631381
1756904631.9854918,4360.0,1.0,buy,141760976742535,1756904631381
1756904633.6620967,4360.2,0.0057,sell,171535936874238,1756904633089
1756904633.6620967,4360.3,0.0272,buy,21958033673410,1756904633089
1756904633.6620967,4360.4,0.008,buy,837988647141298,1756904633089
1756904633.6620967,4360.6,0.0052,buy,394363667982036,1756904633089
1756904633.6620967,4360.8,0.0045,buy,68683339996159,1756904633089
1756904633.6620967,4360.9,0.0278,buy,444600723341143,1756904633089
1756904633.6620967,4360.9,0.4586,buy,306530045796039,1756904633089
1756904633.6620967,4361.0,0.1982,buy,346444530532958,1756904633089
1756904633.9064908,4360.9,0.1,sell,272187466151863,1756904633153
1756904635.6079912,4361.1,0.0145,sell,985132300609727,1756904635200
1756904636.6183045,4361.2,0.1127,buy,373488707385809,1756904635955
1756904636.6183045,4361.2,0.1162,buy,8578470125630,1756904635955
1756904636.6183045,4361.2,0.3447,buy,112764203671057,1756904635955
1756904636.6183045,4361.1,0.3454,sell,62845060297043,1756904635955
1756904636.6183045,4361.2,0.3209,buy,701886869008574,1756904635955
1756904636.6183045,4361.2,15.1752,buy,63863012817612,1756904635955
1756904636.6183045,4361.3,0.1146,buy,1114276186855898,1756904635955
1756904636.6183045,4361.4,0.19,buy,412547153981890,1756904635955
1756904636.6183045,4361.5,0.0283,buy,1067464654098933,1756904635955
1756904636.6183045,4361.5,0.1831,buy,90302379762796,1756904635955
1756904636.6183045,4361.5,23.9692,buy,828218622114455,1756904635955
1756904636.6183045,4361.6,0.2429,buy,102546111212186,1756904635955
1756904636.6183045,4361.7,2.3567,buy,832548096592949,1756904635955
1756904636.6183045,4361.7,0.0589,buy,481320203801919,1756904635955
1756904636.6183045,4361.8,0.2429,buy,814584583241234,1756904635955
1756904636.6183045,4361.8,0.0045,buy,964672433647171,1756904635955
1756904636.6183045,4361.8,2.1128,buy,272071954913147,1756904635955
1756904637.379162,4362.1,0.0289,buy,736310901698716,1756904636931
1756904637.379162,4362.2,0.2333,buy,851351605389691,1756904636931
1756904638.1983297,4362.0,0.0753,sell,30000711768877,1756904637040
1756904640.2914407,4362.4,0.0115,buy,948083199001556,1756904639816
1756904640.2914407,4362.4,0.098,buy,151516557986356,1756904639816
1756904640.439105,4362.3,0.0459,sell,703948525451592,1756904639972
1756904641.1566284,4362.3,0.1,sell,1058294666112327,1756904640680
1756904644.4224067,4362.3,0.7167,sell,1097066391137194,1756904644004
1756904644.4224067,4362.4,0.0035,buy,41542001403161,1756904644004
1756904648.2723098,4362.3,0.8943,sell,609422423001891,1756904647292
1756904648.272872,4362.0,0.01,sell,396527718893169,1756904647513
1756904648.272872,4361.2,0.2374,sell,155274110832636,1756904647513
1756904648.272872,4361.1,0.0045,sell,79542536032764,1756904647513
1756904648.272872,4361.1,0.7581,sell,308241639549947,1756904647513
1756904648.8818998,4361.2,0.2144,buy,790626578577007,1756904648151
1756904649.9343603,4361.2,0.0026,buy,234257965037765,1756904649174
1756904649.9343603,4361.1,0.0754,sell,412278044352889,1756904649174
1756904650.5496576,4361.2,0.0355,sell,463552874107093,1756904650061
1756904650.5496576,4361.3,0.0035,buy,66249513379234,1756904650061
1756904651.8054447,4361.3,0.0229,buy,248976508011668,1756904651303
1756904652.4726005,4361.2,0.5459,sell,648525918873835,1756904652029
1756904652.4726005,4361.2,3.8,sell,425988167111512,1756904652029
1756904652.4726005,4361.2,5.5,sell,281687590451183,1756904652029
1756904652.4726005,4361.2,0.1146,sell,314188071464738,1756904652029
1756904652.4726005,4361.2,0.8294,sell,269090606469632,1756904652029
1756904652.4726005,4361.2,0.0589,sell,580083049595901,1756904652029
1756904652.4726005,4361.2,0.2374,sell,323219433850358,1756904652029
1756904652.4726005,4361.2,1.4341,sell,609975039690735,1756904652029
1756904652.4726005,4361.2,9.8,sell,1118150069468042,1756904652029
1756904652.4726005,4361.2,20.4064,sell,1020378149360473,1756904652029
1756904652.4726005,4361.2,28.0478,sell,1115574161780561,1756904652029
1756904652.4726005,4361.2,4.5858,sell,191518636667372,1756904652029
1756904652.4726005,4361.2,51.5779,sell,1097977233737556,1756904652029
1756904652.4726005,4361.2,9.1772,sell,127566313991912,1756904652029
1756904652.4726005,4361.2,9.1876,sell,405252052886092,1756904652029
1756904652.4726005,4361.2,75.6483,sell,885199413818170,1756904652029
1756904652.4726005,4361.2,9.184,sell,273532651109632,1756904652029
1756904652.4726005,4361.2,0.11,sell,312794763806695,1756904652029
1756904652.4726005,4361.2,0.0854,sell,909364555901984,1756904652029
1756904652.4726005,4361.2,9.1843,sell,214784862980004,1756904652029
1756904652.4726005,4361.2,9.1843,sell,89209161972833,1756904652029
1756904652.4726005,4361.2,4.5858,sell,291105985064705,1756904652029
1756904652.4726005,4361.2,96.2786,sell,243618474579266,1756904652029
1756904652.4726005,4361.2,4.5858,sell,907889832263233,1756904652029
1756904652.4726005,4361.2,8.8277,sell,370787230939081,1756904652029
1756904652.4726005,4361.2,5.1051,sell,1041053031360118,1756904652029
1756904652.4726005,4361.1,4.6665,sell,753743421237743,1756904652029
1756904652.4726005,4361.1,3.8,sell,701922358998123,1756904652029
1756904652.4726005,4361.1,0.9142,sell,169844992338512,1756904652029
1756904652.4726005,4361.1,0.0928,sell,475021206184470,1756904652029
1756904652.4726005,4361.1,0.5743,sell,522316325327511,1756904652029
1756904652.4726005,4361.1,0.8081,sell,227091064340514,1756904652029
1756904652.4726005,4361.1,0.3886,sell,214461004628091,1756904652029
1756904653.567679,4361.6,0.049,sell,1040520726237677,1756904652836
1756904653.810176,4361.6,0.01,sell,239107703888346,1756904653085
