timestamp,price,size,side,trade_id,exchange_timestamp
1756904112.7983696,208.94,0.81,buy,367141310672676,1756904088568
1756904112.7983696,208.94,8.83,buy,1017318782311897,1756904088568
1756904112.7983696,208.89,0.24,sell,52442787393687,1756904091750
1756904112.7983696,208.89,0.02,sell,1105673126055606,1756904094117
1756904112.7983696,208.89,0.14,sell,609165492259008,1756904094117
1756904112.7983696,208.89,3.16,sell,934103804358276,1756904094727
1756904112.7983696,208.89,99.34,sell,283943256970384,1756904094727
1756904112.7983696,208.89,45.08,sell,1064173613290240,1756904094727
1756904112.7983696,208.9,3.48,buy,251549963066421,1756904097063
1756904112.7983696,208.89,0.1,sell,784570701528366,1756904097334
1756904112.7983696,208.9,34.95,buy,311933525249374,1756904097665
1756904112.7983696,208.92,1.41,buy,748270989745159,1756904098015
1756904112.7983696,208.92,0.24,buy,320672611502891,1756904098015
1756904112.7983696,208.92,0.24,buy,584735805615043,1756904098015
1756904112.7983696,208.92,0.06,sell,754409845528860,1756904099448
1756904112.7983696,208.98,4.06,buy,351314588955338,1756904101337
1756904112.7983696,208.98,0.3,buy,698935867062189,1756904102005
1756904112.7983696,208.97,1.37,sell,633469166256805,1756904102005
1756904112.7983696,208.98,8.09,sell,1096674679395571,1756904102660
1756904112.7983696,208.99,0.05,buy,259659222998129,1756904104017
1756904112.7983696,208.98,0.1,sell,523803804899753,1756904104017
1756904112.7983696,208.98,73.0,sell,1043705004668213,1756904104571
1756904112.7983696,208.98,0.24,sell,154317167705111,1756904104571
1756904112.7983696,208.98,0.24,sell,895941575343258,1756904104571
1756904112.7983696,208.99,0.05,buy,923658481757716,1756904104571
1756904112.7983696,208.99,0.26,buy,203195561405323,1756904107036
1756904112.7983696,208.99,2.08,buy,765590532479926,1756904108035
1756904112.7983696,208.99,0.92,buy,853533951849129,1756904109055
1756904112.7983696,208.98,0.28,sell,615742086357308,1756904111807
1756904112.7983696,208.99,0.76,buy,712242188386494,1756904112006
1756904113.3337147,208.98,0.38,sell,968814803947078,1756904112911
1756904114.168723,208.98,0.1,sell,944659155118521,1756904113704
1756904116.7823324,208.95,9.57,sell,992099160814910,1756904116407
1756904118.5654123,208.96,0.27,buy,124539403883765,1756904118000
1756904120.1530502,208.96,0.1,sell,501855861704448,1756904119561
1756904121.6594346,208.99,0.07,buy,383761136772394,1756904121354
1756904121.6594346,208.99,2.39,buy,171926204835682,1756904121354
1756904121.6594346,208.99,1.76,buy,244514362728401,1756904121354
1756904121.6594346,208.99,1.91,buy,867238545272592,1756904121354
1756904122.3190632,208.99,60.19,buy,494044243754299,1756904121992
1756904124.5113149,208.98,0.17,sell,740608690406909,1756904124061
1756904125.8050816,208.99,14.36,buy,594129736430730,1756904125426
1756904129.059978,208.99,3.41,buy,382767278136892,1756904127045
1756904129.47893,208.99,1.41,buy,59993031090741,1756904128003
1756904130.8033068,208.98,0.06,sell,945343806140102,1756904130384
1756904132.4400618,208.99,0.29,buy,35555804444074,1756904132053
1756904132.4400618,208.98,0.29,sell,741531023257118,1756904132053
1756904132.4400618,208.98,1.08,sell,841924464698699,1756904132053
1756904132.6106994,208.99,2.67,buy,362790490463267,1756904132287
1756904134.4595625,208.99,0.05,buy,671614859922627,1756904134066
1756904134.4595625,208.98,0.11,sell,353571766499876,1756904134066
1756904135.637066,208.99,0.1,buy,178311074746273,1756904134923
1756904137.3699644,208.99,0.27,buy,968972825198148,1756904137033
1756904138.4548728,208.99,2.08,buy,135994877877628,1756904138020
1756904139.549853,208.96,0.91,buy,116338000089064,1756904139069
1756904139.688071,208.95,10.43,sell,730096405316163,1756904139228
1756904139.688071,208.95,19.99,sell,77422920773540,1756904139228
1756904140.8356063,208.96,0.1,buy,1033189289211639,1756904140460
1756904142.5607405,208.91,1.14,buy,702529021039554,1756904142071
1756904148.736109,208.91,0.27,buy,579732586122185,1756904148024
1756904148.736109,208.9,0.1,sell,916813160655192,1756904148024
1756904151.667264,208.9,0.12,sell,559877148614521,1756904151090
1756904151.667264,208.87,0.47,sell,940047866754025,1756904151090
1756904151.667264,208.87,1.46,sell,315265564919198,1756904151090
1756904151.667264,208.86,0.26,sell,575699097188171,1756904151090
1756904151.667264,208.86,3.34,sell,435414877875317,1756904151090
1756904151.667264,208.86,2.95,sell,973469241572517,1756904151090
1756904151.667264,208.86,0.13,sell,280856470715456,1756904151090
1756904151.667264,208.86,1.44,sell,608572946823889,1756904151090
1756904151.667264,208.86,4.19,sell,1018613193870687,1756904151090
1756904152.8518035,208.86,0.72,sell,1078575694676928,1756904152433
1756904152.8518035,208.86,0.24,sell,468211637998359,1756904152433
1756904153.6236887,208.87,13.86,buy,874715306801059,1756904153181
1756904153.6236887,208.89,59.19,buy,164074783694428,1756904153181
1756904154.574117,208.88,0.16,sell,244732708290482,1756904154095
1756904154.989989,208.88,0.1,sell,478730043776959,1756904154667
1756904155.1681402,208.88,0.36,sell,898558633758499,1756904154842
1756904157.4660585,208.89,4.48,buy,1091333000954674,1756904157013
1756904158.6792727,208.89,1.41,buy,938924492702353,1756904158112
1756904159.3093574,208.88,0.08,sell,83285179103971,1756904158924
1756904159.5645633,208.88,3.59,sell,657395005111607,1756904159215
1756904160.5705936,208.88,1.18,sell,413737632162660,1756904160047
1756904160.6213646,208.88,4.72,sell,469088169965405,1756904160244
1756904160.9261582,208.88,4.74,sell,547166749918741,1756904160489
1756904162.5658286,208.89,0.3,buy,212540838704873,1756904162025
1756904162.5658286,208.88,1.37,sell,330523169332012,1756904162025
1756904163.5796528,208.84,10.0,sell,550148400548341,1756904162974
1756904163.5796528,208.84,11.44,sell,941974964084532,1756904162974
1756904163.5796528,208.84,0.07,sell,274636079517846,1756904162974
1756904163.5796528,208.84,3.39,sell,15135313063000,1756904162974
1756904163.5796528,208.84,32.58,sell,749637862319509,1756904162974
1756904164.5800645,208.85,0.05,buy,477126905053720,1756904164091
1756904164.5800645,208.84,0.1,sell,1103792425989481,1756904164091
1756904166.3853376,208.84,0.09,sell,745987221541891,1756904165855
1756904166.3853376,208.84,1.31,sell,292045074303126,1756904165855
1756904167.6302145,208.84,0.1,sell,334627062303191,1756904167349
1756904168.6161354,208.85,0.26,buy,358212208834269,1756904168019
1756904168.6161354,208.85,2.08,buy,589011662292958,1756904168019
1756904169.5697045,208.85,0.92,buy,323947538060720,1756904169012
1756904170.595218,208.84,0.11,buy,848029321833814,1756904170292
1756904171.8030329,208.83,0.27,sell,717241793707913,1756904171495
1756904171.8030329,208.83,145.22,sell,728319655240865,1756904171495
1756904171.8030329,208.83,19.87,sell,920363883996653,1756904171495
1756904171.8030329,208.83,47.05,sell,990677445044911,1756904171495
1756904171.8030329,208.82,1.0,sell,145375786046809,1756904171495
1756904171.8030329,208.81,0.27,sell,1035753203965666,1756904171495
1756904171.8030329,208.81,3.43,sell,143697612755482,1756904171495
1756904171.8030329,208.8,1.0,sell,516858547453260,1756904171495
1756904171.8030329,208.8,11.0,sell,424150736225739,1756904171495
1756904171.8030329,208.8,19.57,sell,82400433252047,1756904171495
1756904171.8030329,208.8,1.46,sell,362484434689187,1756904171495
1756904171.8030329,208.8,2.39,sell,523078255166517,1756904171495
1756904171.8030329,208.79,3.47,sell,674005885090698,1756904171495
1756904171.8030329,208.79,3.82,sell,354218991685398,1756904171495
1756904171.8030329,208.79,3.82,sell,558710678635693,1756904171495
1756904171.8030329,208.79,13.43,sell,234773722357089,1756904171495
1756904171.8030329,208.79,12.21,sell,697346380878525,1756904171495
1756904171.8030329,208.79,10.66,sell,880303587049701,1756904171495
1756904172.3568416,208.8,0.99,buy,739689723958225,1756904172039
1756904173.1653924,208.83,0.1,buy,413645375724530,1756904172790
1756904175.2046359,208.83,0.1,buy,167667159222599,1756904174883
1756904175.7101383,208.82,1.99,sell,609701551040868,1756904175431
1756904175.8616798,208.82,69.06,sell,739876356478645,1756904175548
1756904175.8616798,208.82,95.79,sell,938318167127530,1756904175548
1756904175.8616798,208.82,105.38,sell,775033225332580,1756904175548
1756904175.8616798,208.82,35.0,sell,365526247650159,1756904175548
1756904175.8616798,208.82,10.5,sell,291825148690246,1756904175548
1756904175.8616798,208.82,35.0,sell,599247401986180,1756904175548
1756904175.8616798,208.82,25.5,sell,980045304539235,1756904175548
1756904175.8616798,208.82,171.79,sell,436372092848474,1756904175548
1756904175.8616798,208.82,189.37,sell,992233824378310,1756904175548
1756904175.8616798,208.82,148.7,sell,17718773014321,1756904175548
1756904175.8616798,208.82,143.66,sell,758223312016189,1756904175548
1756904175.8616798,208.82,317.86,sell,296257161260754,1756904175548
1756904175.8616798,208.82,299.29,sell,1122461841440979,1756904175548
1756904175.8616798,208.82,2.39,sell,188883222088002,1756904175548
1756904175.8616798,208.8,25.0,sell,50129614806262,1756904175548
1756904175.8616798,208.8,318.52,sell,8899712865583,1756904175548
1756904177.2588315,208.8,25.0,sell,334727354501694,1756904176858
1756904177.2588315,208.8,2.18,sell,564918876980041,1756904176858
1756904177.571434,208.81,0.1,buy,159903415915468,1756904177113
1756904177.571434,208.8,0.95,sell,715059010128124,1756904177113
1756904178.7964613,208.81,0.28,buy,964434566052606,1756904178070
1756904184.2323537,208.89,0.24,buy,253198293056990,1756904183182
1756904184.2323537,208.89,0.24,buy,671961570741213,1756904183311
1756904184.418843,208.88,0.01,sell,726493692667535,1756904183934
1756904184.6232004,208.88,0.17,sell,286990961039263,1756904184055
1756904185.1005065,208.89,0.75,buy,594551827532242,1756904184709
1756904185.1005065,208.91,47.18,buy,464719756190826,1756904184709
1756904187.4390492,208.86,4.69,buy,29710141298542,1756904187026
1756904187.8087792,208.85,191.95,sell,1059568912826946,1756904187446
1756904187.8087792,208.85,8.05,sell,638825960681759,1756904187446
1756904188.3559418,208.86,1.41,buy,534625117614824,1756904188030
1756904189.3103237,208.85,0.09,sell,177070646130423,1756904188715
1756904190.1567338,208.85,279.08,sell,1088872930050132,1756904189780
1756904190.1567338,208.85,2.39,sell,799317161945317,1756904189780
1756904190.1567338,208.85,16.5,sell,574981221733386,1756904189780
1756904190.1567338,208.85,52.55,sell,381750464341682,1756904189780
1756904190.1567338,208.85,359.6,sell,626824142615626,1756904189780
1756904190.1567338,208.85,217.12,sell,76726752509511,1756904189780
1756904191.0868464,208.8,0.24,sell,116110501141409,1756904190633
1756904191.1221898,208.8,0.01,sell,1005885402617243,1756904190695
1756904191.1221898,208.78,0.23,sell,102017243927202,1756904190695
1756904192.0827298,208.79,18.54,buy,847962739303140,1756904191665
1756904192.3685915,208.79,0.3,buy,734645671397977,1756904192030
1756904192.3685915,208.78,0.04,sell,768256045171684,1756904192030
1756904192.3685915,208.78,1.33,sell,2543058025369,1756904192030
1756904192.4479613,208.79,16.16,buy,387002499969590,1756904192101
1756904192.4479613,208.79,35.0,buy,532451841479152,1756904192101
1756904192.4479613,208.79,31.09,buy,723627857709053,1756904192101
1756904193.5268214,208.81,0.1,sell,1040251633561987,1756904193129
1756904194.5810146,208.81,18.56,sell,296738577909799,1756904193309
1756904194.5810146,208.79,0.15,sell,292776765803186,1756904193426
1756904194.5810146,208.78,0.09,sell,82444947771320,1756904193426
1756904194.5810146,208.77,0.24,sell,109327210519212,1756904193426
1756904194.5810146,208.77,0.24,sell,618801751862427,1756904193426
1756904194.5810146,208.77,0.24,sell,861617405562504,1756904193426
1756904194.5810146,208.77,0.24,sell,639329662410166,1756904193426
1756904194.5810146,208.77,0.24,sell,429214559737321,1756904193426
1756904194.5810146,208.77,0.24,sell,353349395314002,1756904193426
1756904194.5810146,208.77,0.24,sell,1088701717303134,1756904193426
1756904194.5810146,208.77,0.19,sell,814788667979041,1756904193426
1756904194.5810146,208.8,0.25,buy,732840451446777,1756904193426
1756904194.5810146,208.78,25.0,buy,197419981032995,1756904193510
1756904194.5830233,208.78,0.05,buy,882661646342861,1756904194042
1756904194.5830233,208.77,0.11,sell,356871668367139,1756904194042
1756904194.7606168,208.78,70.72,buy,361886231037459,1756904194153
1756904194.7606168,208.78,95.77,buy,246887985357985,1756904194153
1756904194.7606168,208.78,10.5,buy,124071158664528,1756904194153
1756904194.7606168,208.78,95.77,buy,607043632840295,1756904194153
1756904194.7606168,208.78,95.77,buy,113751441720121,1756904194153
1756904194.7606168,208.78,23.29,buy,929642267149222,1756904194153
1756904194.7606168,208.78,1.21,buy,927735130063827,1756904194153
1756904195.9849226,208.78,1.48,buy,790449532723158,1756904195655
1756904196.2808027,208.78,22.02,sell,994521678186459,1756904195925
1756904197.2762942,208.82,27.0,buy,193417748666051,1756904196626
1756904197.2762942,208.82,23.13,buy,779265106204647,1756904196626
1756904197.2762942,208.81,1.3,sell,945648498114169,1756904196626
1756904197.5456803,208.82,0.27,buy,305387386691154,1756904197103
1756904198.4039497,208.82,2.08,buy,483340722637704,1756904198021
1756904198.515185,208.81,33.7,sell,497152378716209,1756904198105
1756904198.515185,208.81,16.7,sell,571175173136913,1756904198105
1756904199.5564923,208.82,0.92,buy,432347225751067,1756904199054
1756904200.4943733,208.82,110.58,sell,800267607091878,1756904200199
1756904200.4943733,208.82,95.78,sell,185281939860036,1756904200199
1756904200.4943733,208.82,95.78,sell,79100369309548,1756904200199
1756904200.4943733,208.82,110.58,sell,914371892465077,1756904200199
1756904200.4943733,208.82,110.58,sell,284282513309814,1756904200199
1756904200.4943733,208.82,95.78,sell,790422788859998,1756904200199
1756904200.4943733,208.82,110.58,sell,345059393315894,1756904200199
1756904200.4943733,208.82,95.78,sell,521543367255395,1756904200199
1756904200.4943733,208.82,84.3,sell,129288097939125,1756904200199
1756904200.4943733,208.82,73.81,sell,175318881821755,1756904200199
1756904200.4943733,208.82,73.81,sell,1108172025216823,1756904200199
1756904200.4943733,208.82,73.81,sell,680841731697394,1756904200199
1756904200.4943733,208.82,110.58,sell,563209474721305,1756904200199
1756904200.4943733,208.82,84.3,sell,450170509176916,1756904200199
1756904200.4943733,208.82,73.81,sell,26457870580345,1756904200199
1756904200.4943733,208.82,84.3,sell,550686652894573,1756904200199
1756904200.4943733,208.82,84.3,sell,226607551783035,1756904200199
1756904200.4943733,208.82,84.3,sell,1021342388620971,1756904200199
1756904200.4943733,208.82,23.32,sell,775209253276594,1756904200199
1756904202.4026513,208.85,4.28,buy,212286344522593,1756904201905
1756904202.4026513,208.85,0.13,buy,938846905501328,1756904201905
1756904202.4538677,208.88,0.56,buy,134556683558143,1756904202080
1756904203.9968865,208.88,3.72,buy,921799845536924,1756904203282
1756904203.9968865,208.91,4.28,buy,780486235516295,1756904203282
1756904203.9968865,208.91,0.13,buy,46324271797636,1756904203282
1756904203.9968865,208.91,15.2,buy,1114993860001146,1756904203282
1756904203.9968865,208.91,9.57,buy,795062480159347,1756904203282
1756904203.9968865,208.92,4.98,buy,923310070369373,1756904203282
1756904204.5324469,208.92,4.06,buy,188333029323157,1756904204092
1756904208.4404392,208.85,0.27,buy,923322305425712,1756904208025
1756904209.7435415,208.84,576.78,sell,880275053290678,1756904209291
1756904209.7435415,208.84,72.48,sell,1036289565308005,1756904209291
1756904209.7435415,208.84,143.65,sell,149936645023631,1756904209291
1756904209.7435415,208.84,32.52,sell,616194461360049,1756904209291
1756904209.7435415,208.84,1.49,sell,211032569571727,1756904209291
1756904209.7435415,208.83,23.69,sell,1118867192599030,1756904209291
1756904209.7435415,208.83,488.55,sell,146686090479915,1756904209291
1756904212.8890495,208.81,0.25,buy,211901508862815,1756904212479
1756904213.1251516,208.81,1.97,buy,826797427235969,1756904212794
1756904214.4901993,208.82,0.16,sell,1046285316321523,1756904214000
1756904214.5431564,208.83,0.06,buy,1055798636168950,1756904214206
1756904214.5431564,208.84,14.36,buy,130537105297098,1756904214206
1756904214.5431564,208.84,9.57,buy,132243090467224,1756904214206
1756904214.5431564,208.84,63.8,buy,121911127657855,1756904214206
1756904214.5431564,208.85,116.86,buy,310751806995076,1756904214206
1756904216.351444,208.85,10.79,buy,370020168924577,1756904216023
1756904217.3833413,208.85,4.27,buy,283708889461583,1756904217029
1756904218.3523788,208.85,1.41,buy,579261206695459,1756904218027
1756904218.4617357,208.85,0.98,buy,838154237041997,1756904218169
1756904218.4617357,208.86,0.02,buy,482817326806963,1756904218169
1756904219.2806692,208.85,0.08,sell,504802983160143,1756904218845
1756904222.5031044,208.92,0.3,buy,1045279345873746,1756904222060
1756904222.5031044,208.91,1.37,sell,652763219863397,1756904222060
1756904224.4929955,208.92,0.05,buy,284467818212589,1756904224014
1756904224.4929955,208.91,0.1,sell,605924886410967,1756904224014
1756904227.4421532,208.92,0.26,buy,361174140486788,1756904227027
1756904228.3496366,208.92,190.85,buy,659621931629078,1756904227812
1756904228.477772,208.94,2.09,buy,1059214895094995,1756904228030
1756904228.7983246,208.94,0.24,buy,784989378159860,1756904228273
1756904228.8633037,208.94,0.24,buy,556671426121818,1756904228457
1756904229.5639691,208.94,0.92,buy,349434059981411,1756904229021
1756904230.0703814,208.94,0.79,buy,327902675155972,1756904229748
1756904230.0703814,208.94,0.13,buy,433792440700672,1756904229748
1756904230.0703814,208.96,1.54,buy,217784368604762,1756904229748
1756904231.211175,208.97,4.28,buy,192912403991532,1756904230567
1756904231.211175,208.97,0.13,buy,158487247751292,1756904230567
1756904232.6076643,208.99,0.96,buy,780234813709268,1756904232004
1756904233.6534917,208.95,35.0,buy,204409953840465,1756904233263
1756904233.6534917,208.95,35.0,buy,25662158731590,1756904233263
1756904233.6534917,208.95,95.7,buy,223850349816306,1756904233263
1756904233.6534917,208.95,10.5,buy,995480947571057,1756904233263
1756904233.6534917,208.95,95.7,buy,992096590408876,1756904233263
1756904233.6534917,208.95,95.7,buy,248999322807058,1756904233263
1756904234.0706148,208.95,0.18,buy,44742116772091,1756904233539
1756904235.043451,208.98,9.56,buy,295172962376816,1756904234639
1756904235.043451,208.99,20.0,buy,721107155400448,1756904234639
1756904235.043451,208.99,2.39,buy,386985869791224,1756904234639
1756904235.043451,208.99,63.8,buy,193020193635532,1756904234639
1756904235.043451,208.99,14.35,buy,135590725414597,1756904234639
1756904235.043451,209.0,4.28,buy,632784338691200,1756904234639
1756904235.043451,209.0,0.13,buy,274532124406801,1756904234639
1756904235.043451,209.0,20.0,buy,1060870569117543,1756904234639
1756904235.043451,209.0,7.02,buy,374671496013743,1756904234639
1756904235.043451,209.0,1.38,buy,375800856136315,1756904234639
1756904235.043451,209.0,265.92,buy,214270115865412,1756904234639
1756904235.043451,209.0,4.31,buy,990007871108014,1756904234639
1756904237.6991742,209.01,2.39,buy,1009199097251893,1756904237277
1756904237.6991742,209.01,28.16,buy,971611609914362,1756904237277
1756904237.6991742,209.01,1.98,buy,685658005897623,1756904237277
1756904237.6991742,209.01,50.79,buy,1052556841831066,1756904237277
1756904237.6991742,209.01,13.57,buy,266205731678761,1756904237277
1756904237.6991742,209.01,23.92,buy,1080864915584130,1756904237277
1756904237.6991742,209.01,339.54,buy,783178507036635,1756904237277
1756904237.6991742,209.0,13.37,sell,387503425710798,1756904237277
1756904238.3121066,209.01,25.0,buy,475349611024989,1756904237893
1756904238.3121066,209.01,2.0,buy,1066153797904814,1756904237893
1756904238.345242,209.01,0.27,buy,533414274561124,1756904238016
1756904244.5059013,208.93,0.17,sell,488758617834993,1756904244079
1756904246.629519,208.98,10.23,buy,296374349911835,1756904246194
1756904497.4455266,209.21,0.66,sell,987956863202420,1756904489795
1756904497.4455266,209.21,3.0,sell,689589720352813,1756904489795
1756904497.4455266,209.21,1.1,sell,116375882996471,1756904490004
1756904497.4455266,209.21,11.95,sell,533956220002656,1756904490004
1756904497.4455266,209.21,14.34,sell,821183365802172,1756904490004
1756904497.4455266,209.21,14.34,sell,294869523656606,1756904491395
1756904497.4455266,209.21,1000.0,sell,716861506614208,1756904491395
1756904497.4455266,209.22,1.91,buy,479056919100776,1756904491548
1756904497.4455266,209.22,2.39,buy,106945945917921,1756904491548
1756904497.4455266,209.22,1.42,buy,759727093861393,1756904491548
1756904497.4455266,209.22,60.0,buy,684875933907684,1756904491548
1756904497.4455266,209.22,60.0,buy,55086687391648,1756904491548
1756904497.4455266,209.22,1.38,buy,472502793273600,1756904491548
1756904497.4455266,209.22,7.02,buy,79336460534818,1756904491548
1756904497.4455266,209.22,14.07,buy,893096219985818,1756904491548
1756904497.4455266,209.22,68.24,buy,978006592192415,1756904491548
1756904497.4455266,209.21,1.37,sell,468238122161357,1756904492025
1756904497.4455266,209.21,0.09,sell,1016671107657188,1756904492427
1756904497.4455266,209.21,14.34,sell,615519041153608,1756904493359
1756904497.4455266,209.21,23.91,sell,370553912544321,1756904493594
1756904497.4455266,209.22,0.05,buy,164722353106335,1756904494037
1756904497.4455266,209.21,0.11,sell,135556458537253,1756904494037
1756904497.4455266,209.21,14.34,sell,279364712249202,1756904494439
1756904497.4455266,209.21,14.34,sell,98501996983399,1756904494498
1756904497.4455266,209.21,3.82,sell,392076424484725,1756904494498
1756904497.4455266,209.21,2.15,sell,906740119459152,1756904494643
1756904497.4455266,209.21,14.34,sell,1050460562147319,1756904494643
1756904497.4455266,209.21,1.1,sell,12825232679296,1756904494940
1756904497.4455266,209.21,23.91,sell,313328228089084,1756904495724
1756904497.4455266,209.21,0.27,sell,814323854687857,1756904495993
1756904497.6924534,209.22,29.08,buy,776507824592784,1756904497034
1756904497.6924534,209.22,0.26,buy,860390510169081,1756904497034
1756904497.6924534,209.22,0.1,buy,616030811521295,1756904497034
1756904498.2292206,209.21,9.56,sell,875126883859524,1756904497781
1756904498.4448411,209.22,2.08,buy,1054313637072438,1756904498055
1756904499.225925,209.21,4.78,sell,315282120962791,1756904498894
1756904499.5279772,209.22,0.92,buy,631418727581325,1756904499037
1756904499.5279772,209.21,4.78,sell,464891069112474,1756904499037
1756904499.5279772,209.21,4.78,sell,485795946936864,1756904499037
1756904499.8391676,209.21,11.72,sell,904101337521588,1756904499505
1756904499.8391676,209.21,14.34,sell,36696670741704,1756904499505
1756904499.8391676,209.21,14.34,sell,842173911477028,1756904499505
1756904500.0737362,209.21,2.72,sell,994700540300427,1756904499637
1756904500.0737362,209.21,14.34,sell,157848801512141,1756904499637
1756904500.32283,209.21,0.31,sell,165576292539729,1756904499907
1756904500.32283,209.21,4.78,sell,170595973617901,1756904499907
1756904500.32283,209.21,4.78,sell,726265538624468,1756904499907
1756904500.32283,209.21,9.56,sell,117190260808828,1756904499907
1756904500.4697976,209.21,6.41,sell,394005080997474,1756904500049
1756904500.4697976,209.21,9.56,sell,10727098402011,1756904500049
1756904500.4697976,209.21,14.29,sell,919418900913735,1756904500049
1756904500.4697976,209.21,4.78,sell,40413990356515,1756904500049
1756904500.4697976,209.21,14.3,sell,992982758847161,1756904500049
1756904500.4697976,209.21,4.78,sell,1078816956442856,1756904500049
1756904500.4697976,209.21,14.29,sell,702634772271945,1756904500049
1756904500.5563123,209.21,14.29,sell,195335081826510,1756904500139
1756904500.5563123,209.21,14.29,sell,416487979101593,1756904500139
1756904500.6643066,209.21,4.78,sell,18823500418855,1756904500204
1756904500.694464,209.21,4.78,sell,920847902555822,1756904500307
1756904500.7416978,209.21,2.39,sell,513955050750348,1756904500448
1756904551.9983997,209.33,4.78,buy,591125125926859,1756904544545
1756904551.9983997,209.33,4.78,buy,789681530804659,1756904544545
1756904551.9983997,209.33,4.78,buy,78237023919141,1756904544545
1756904551.9983997,209.33,4.78,buy,713486011696916,1756904544545
1756904551.9983997,209.33,4.78,buy,844991772618081,1756904544545
1756904551.9983997,209.33,4.78,buy,733173131308010,1756904544545
1756904551.9983997,209.33,4.8,buy,488072726458220,1756904544545
1756904551.9983997,209.33,4.8,buy,1006949423568795,1756904544545
1756904551.9983997,209.33,25.28,buy,201997180448024,1756904544545
1756904551.9983997,209.33,4.0,buy,371330632894721,1756904544545
1756904551.9983997,209.33,18.08,buy,288447633401000,1756904544545
1756904551.9983997,209.32,46.49,sell,481946074313914,1756904545153
1756904551.9983997,209.34,4.8,buy,935359278340846,1756904547022
1756904551.9983997,209.34,0.14,buy,337231330460802,1756904547022
1756904551.9983997,209.35,0.24,buy,699745061110193,1756904548850
1756904551.9983997,209.35,0.24,buy,988786068692208,1756904548850
1756904551.9983997,209.35,0.24,buy,102981531509088,1756904548850
1756904551.9983997,209.35,0.24,buy,230626428588652,1756904548850
1756904551.9983997,209.35,0.24,buy,944784685093615,1756904548850
1756904551.9983997,209.35,0.24,buy,988670717841435,1756904548850
1756904551.9983997,209.35,5.42,buy,630645627291209,1756904548850
1756904551.9983997,209.34,0.09,sell,290665403841198,1756904548850
1756904551.9983997,209.37,0.05,buy,1060993418470759,1756904548850
1756904551.9983997,209.38,6.86,buy,337368490903227,1756904549240
1756904551.9983997,209.39,4.78,buy,224963393018415,1756904549240
1756904551.9983997,209.41,6.86,buy,24455979586167,1756904550168
1756904551.9983997,209.41,0.21,buy,991106589663492,1756904550168
1756904551.9983997,209.41,9.55,buy,995624600277538,1756904550168
1756904551.9983997,209.41,0.02,sell,867997227497538,1756904550615
1756904551.9983997,209.42,1.46,buy,908644762700535,1756904551426
1756904552.2542949,209.42,1.46,buy,908644762700535,1756904551426
1756904552.4616814,209.42,0.21,sell,837593015179205,1756904551494
1756904552.462722,209.43,0.07,buy,1062677643203272,1756904551756
1756904552.462722,209.43,0.07,buy,754373992158582,1756904551756
1756904552.462722,209.43,0.07,buy,489032869585974,1756904551756
1756904552.462722,209.44,0.24,buy,83838766722036,1756904551756
1756904552.693867,209.44,0.24,buy,907029437156229,1756904552273
1756904553.30757,209.43,0.21,sell,788442739575090,1756904552785
1756904553.4652307,209.44,0.21,buy,986657830334260,1756904553009
1756904553.4652307,209.44,9.54,buy,285175517075357,1756904553009
1756904554.3047166,209.45,0.21,sell,838974645133183,1756904553858
1756904554.358955,209.46,0.05,buy,40283647016238,1756904554000
1756904554.358955,209.45,0.11,sell,686426307019399,1756904554000
1756904554.9536572,209.47,0.24,buy,476054690169814,1756904554630
1756904554.9536572,209.47,0.24,buy,716501705603163,1756904554630
1756904554.9536572,209.47,0.24,buy,95093388320389,1756904554630
1756904555.134698,209.47,0.15,buy,816108325368191,1756904554770
1756904557.2099338,209.46,0.21,sell,39721408986756,1756904556439
1756904557.5934358,209.47,6.68,buy,740512544505373,1756904557085
1756904557.5934358,209.47,9.54,buy,132900982483200,1756904557085
1756904557.5934358,209.47,0.29,buy,302786584085567,1756904557085
1756904557.5934358,209.48,0.21,buy,414284627387597,1756904557085
1756904557.5934358,209.49,2.63,buy,875542171401763,1756904557085
1756904557.5934358,209.49,9.74,buy,1035343265488119,1756904557085
1756904557.5934358,209.49,0.26,buy,697479170732834,1756904557085
1756904558.3858085,209.49,2.08,buy,349150202264039,1756904558009
1756904559.5904067,209.49,0.92,buy,721930310776036,1756904559013
1756904562.7038405,209.49,0.93,buy,840882707247859,1756904562053
1756904564.781766,209.49,4.28,sell,139487115599827,1756904564224
1756904565.4013941,209.5,2.55,buy,1026770924549353,1756904565033
1756904565.4013941,209.5,5.0,buy,203860729776814,1756904565033
1756904565.4013941,209.5,4.55,buy,163420247533776,1756904565033
1756904567.8060236,209.51,0.21,buy,335680180143727,1756904566530
1756904567.8060236,209.52,4.78,buy,399086545908943,1756904566530
1756904567.8060236,209.52,2.01,buy,804523823303464,1756904566530
1756904567.8060236,209.52,20.79,buy,371779723630577,1756904566652
1756904567.8060236,209.52,4.2,buy,106121593001857,1756904566652
1756904567.8060236,209.52,4.78,buy,702970928644209,1756904566652
1756904567.8060236,209.52,4.78,buy,468876859020541,1756904566652
1756904567.8060236,209.52,4.86,buy,412841954924687,1756904566652
1756904567.8060236,209.52,4.43,buy,229291431471593,1756904566652
1756904568.3717685,209.53,0.28,buy,721847261936015,1756904568023
1756904569.0712786,209.53,7.27,buy,844570267014647,1756904568557
1756904569.0712786,209.54,4.78,buy,411048459705081,1756904568557
1756904569.0712786,209.54,4.78,buy,688053557330837,1756904568557
1756904569.0712786,209.54,5.1,buy,912249834299212,1756904568557
1756904569.0712786,209.54,5.69,buy,872924486616168,1756904568557
1756904569.0712786,209.54,10.63,buy,700922278592363,1756904568557
1756904569.0750642,209.54,16.37,buy,686727265790568,1756904568690
1756904569.0750642,209.55,4.78,buy,935236278497193,1756904568690
1756904569.0750642,209.55,4.78,buy,928391100457007,1756904568690
1756904569.0750642,209.55,4.78,buy,269289258402143,1756904568690
1756904569.0750642,209.55,4.78,buy,504528628611810,1756904568690
1756904569.0750642,209.55,4.78,buy,137617346047581,1756904568690
1756904569.0750642,209.55,4.78,buy,497633346892218,1756904568690
1756904569.0750642,209.55,4.78,buy,27804273809943,1756904568690
1756904569.0750642,209.55,4.78,buy,355354810599725,1756904568690
1756904569.0750642,209.55,4.78,buy,1001689434202795,1756904568690
1756904569.0750642,209.55,23.68,buy,1114730845538904,1756904568690
1756904570.4572694,209.56,7.55,buy,880814421094349,1756904570030
1756904570.679472,209.58,0.2,buy,935032725112813,1756904570150
1756904570.679472,209.58,1.42,buy,725300369696069,1756904570150
1756904570.679472,209.59,7.55,buy,424752687737915,1756904570150
1756904570.679472,209.59,4.78,buy,371240696793967,1756904570150
1756904570.679472,209.59,4.78,buy,226278218815351,1756904570150
1756904570.679472,209.59,27.0,buy,3796491862291,1756904570150
1756904570.679472,209.59,4.97,buy,906666632136704,1756904570150
1756904570.7099583,209.59,0.24,sell,38625944433950,1756904570246
1756904571.9537706,209.6,4.78,buy,938075712038509,1756904571257
1756904571.9537706,209.6,4.78,buy,473224889022850,1756904571257
1756904571.9537706,209.6,23.55,buy,1019497181139589,1756904571257
1756904571.9542944,209.61,1.91,buy,730032669628052,1756904571318
1756904572.9254339,209.62,7.55,buy,945537046942023,1756904572487
1756904572.9254339,209.63,21.61,buy,719772263842019,1756904572487
1756904573.555001,209.64,0.07,buy,662834154286693,1756904573124
1756904573.555001,209.64,0.07,buy,428534191966934,1756904573124
1756904573.555001,209.64,0.07,buy,399017002871902,1756904573124
1756904573.555001,209.64,12.33,buy,347107917083111,1756904573124
1756904573.555001,209.63,0.1,sell,416870269455325,1756904573124
1756904573.555001,209.63,0.24,sell,1052445090040543,1756904573124
1756904574.0475783,209.64,0.9,buy,64214953859153,1756904573650
1756904574.4711692,209.63,0.17,sell,423455180252817,1756904574076
1756904575.3564065,209.63,2.0,sell,573590727925664,1756904574959
1756904576.540719,209.64,22.76,buy,128584491257660,1756904576129
1756904576.7890365,209.63,22.1,sell,170820760846263,1756904576420
1756904576.7890365,209.63,14.44,sell,570509800763508,1756904576420
1756904577.6463149,209.63,0.24,sell,179877269057893,1756904576806
1756904577.853863,209.64,3.94,buy,979943674245772,1756904577057
1756904578.666319,209.63,0.24,sell,1124143551335787,1756904578339
1756904578.7984297,209.63,1.4,sell,277624938139479,1756904578470
1756904579.4099658,209.63,49.74,sell,445269271241189,1756904578948
1756904579.563382,209.63,0.07,sell,205084363900082,1756904579279
1756904579.952575,209.64,8.79,buy,161405388090281,1756904579537
1756904579.952575,209.64,9.47,buy,400793088674048,1756904579537
1756904579.952575,209.64,9.47,buy,1097814786008926,1756904579537
1756904579.952575,209.64,9.56,buy,498336734839296,1756904579537
1756904579.952575,209.64,27.0,buy,802946816435246,1756904579537
1756904579.952575,209.64,19.67,buy,622923840554549,1756904579537
1756904579.952575,209.64,23.84,buy,994803261208421,1756904579537
1756904579.952575,209.64,14.31,buy,787573094001575,1756904579537
1756904579.952575,209.64,9.53,buy,60564083004415,1756904579537
1756904579.952575,209.64,1.42,buy,1027217329858316,1756904579537
1756904579.952575,209.64,0.26,buy,753760865876930,1756904579537
1756904579.952575,209.64,7.53,buy,109286763332877,1756904579537
1756904579.952575,209.64,78.37,buy,364072967973692,1756904579537
1756904579.952575,209.64,93.56,buy,119466001258576,1756904579537
1756904580.7158055,209.63,20.09,sell,876575821381581,1756904580363
1756904580.7158055,209.63,0.3,sell,538496714727527,1756904580363
1756904580.7158055,209.63,23.85,sell,626343043757818,1756904580363
1756904580.7158055,209.61,7.12,sell,693250565565317,1756904580363
1756904580.7158055,209.61,1.38,sell,95466259196995,1756904580363
1756904580.7158055,209.61,2.39,sell,127032000784696,1756904580363
1756904580.7158055,209.6,19.57,sell,164468458659173,1756904580363
1756904580.7158055,209.6,1.56,sell,645983470238821,1756904580363
1756904580.7158055,209.6,10.51,sell,707809793815256,1756904580363
1756904580.7158055,209.6,100.0,sell,622347980688451,1756904580363
1756904580.7158055,209.59,7.12,sell,528307661437113,1756904580363
1756904580.7158055,209.59,20.0,sell,965807206313950,1756904580363
1756904580.7158055,209.59,572.35,sell,676706793333761,1756904580363
1756904580.7158055,209.59,572.41,sell,119057980898159,1756904580363
1756904580.7158055,209.59,3.81,sell,551082965294088,1756904580363
1756904580.7158055,209.58,171.41,sell,133972288293066,1756904580363
1756904584.3634925,209.64,0.05,buy,402157294980857,1756904584010
1756904584.3634925,209.63,0.1,sell,474643645892993,1756904584010
1756904584.47034,209.64,4.73,buy,635709838201466,1756904584208
1756904584.47034,209.64,4.78,buy,786504497853959,1756904584208
1756904584.47034,209.64,23.71,buy,874037083834519,1756904584208
1756904584.47034,209.64,309.28,buy,437634975885036,1756904584208
1756904584.47034,209.64,9.46,buy,831828902557498,1756904584208
1756904584.47034,209.64,9.46,buy,723962325326432,1756904584208
1756904584.47034,209.64,9.46,buy,645996445724787,1756904584208
1756904584.47034,209.64,27.0,buy,446668916540853,1756904584208
1756904584.47034,209.64,9.53,buy,125018933714178,1756904584208
1756904584.47034,209.64,0.05,buy,757900717087364,1756904584208
1756904584.47034,209.64,9.54,buy,661223092112927,1756904584208
1756904584.47034,209.64,16.12,buy,157295531755030,1756904584208
1756904584.47034,209.64,2.39,buy,580600402539783,1756904584208
1756904584.47034,209.64,1.42,buy,28540217662567,1756904584208
1756904584.47034,209.64,24.39,buy,271239032370750,1756904584208
1756904584.47034,209.65,7.55,buy,415802001727779,1756904584208
1756904584.47034,209.65,0.24,buy,996276901599076,1756904584208
1756904584.47034,209.65,71.06,buy,206009201747718,1756904584208
1756904584.47034,209.65,22.67,buy,13579389698601,1756904584208
1756904584.47034,209.65,24.47,buy,616732990518525,1756904584208
1756904584.47034,209.65,41.46,buy,653208045009048,1756904584208
1756904584.47034,209.65,66.4,buy,273198866237971,1756904584208
1756904584.47034,209.65,100.0,buy,794813915084703,1756904584208
1756904587.6246562,209.65,0.24,sell,1001884095294701,1756904586838
1756904587.6246562,209.65,21.83,sell,865217566136854,1756904586838
1756904587.625165,209.65,0.24,sell,1125081182970300,1756904586906
1756904587.625165,209.65,47.69,sell,544059893164309,1756904586906
1756904587.6256819,209.66,4.77,buy,394522316888933,1756904587085
1756904587.6256819,209.66,4.77,buy,665649742301692,1756904587085
1756904587.6256819,209.66,4.77,buy,188821523856537,1756904587085
1756904587.6256819,209.66,4.77,buy,38390519767061,1756904587085
1756904587.6256819,209.66,4.77,buy,840003273708435,1756904587085
1756904587.6256819,209.66,4.77,buy,810954739590335,1756904587085
1756904587.6256819,209.66,0.46,buy,980277692584070,1756904587085
1756904587.6256819,209.66,0.27,buy,229472401029579,1756904587085
1756904587.6256819,209.65,1.4,sell,213891626198107,1756904587141
1756904588.3311505,209.66,2.08,buy,759377997515862,1756904588041
1756904589.3907316,209.66,0.92,buy,741496401544993,1756904589052
1756904589.93509,209.65,114.55,sell,1040037443177976,1756904589660
1756904589.93509,209.65,4.76,sell,624475538422008,1756904589660
1756904589.93509,209.65,0.24,sell,794695507078639,1756904589660
1756904589.93509,209.65,0.24,sell,587108695789125,1756904589660
1756904589.93509,209.65,47.69,sell,695918741790500,1756904589660
1756904590.2149014,209.65,1.4,sell,47036531396468,1756904589862
1756904590.2149014,209.65,4.76,sell,60256569558783,1756904589862
1756904590.2149014,209.65,0.24,sell,450067192653205,1756904589862
1756904590.3992133,209.65,0.24,sell,1071972729939705,1756904590061
1756904591.1255088,209.65,4.76,sell,242262885660592,1756904590791
1756904591.1255088,209.65,47.69,sell,421458311264491,1756904590791
1756904591.1568673,209.65,4.76,sell,108339134314235,1756904590877
1756904591.441628,209.66,1.04,buy,629365119842945,1756904591129
1756904591.441628,209.66,16.15,buy,86946996553040,1756904591129
1756904591.441628,209.66,1.42,buy,923728471756317,1756904591129
1756904591.441628,209.66,11.28,buy,1053641935652766,1756904591129
1756904591.7661455,209.66,11.27,buy,350899936736015,1756904591482
1756904592.4692092,209.66,0.82,buy,261737890702712,1756904592003
1756904593.0567567,209.65,23.8,sell,1051352370501155,1756904592560
1756904593.645127,209.65,50.0,sell,832197129574849,1756904593211
1756904594.4417362,209.65,57.28,sell,893404642112026,1756904594058
1756904594.5685947,209.65,47.69,sell,43241638342856,1756904594121
1756904594.5685947,209.65,4.76,sell,70372819876451,1756904594121
1756904594.5685947,209.65,9.54,sell,260669333460113,1756904594121
1756904594.5685947,209.65,6.34,sell,737389385311077,1756904594121
1756904594.5685947,209.65,247.57,sell,729931564007585,1756904594121
1756904594.5685947,209.65,25.13,sell,653892953154938,1756904594121
1756904594.5685947,209.65,4.77,sell,784285527886411,1756904594121
1756904594.5685947,209.65,5.48,sell,169035816317051,1756904594121
1756904594.7174108,209.65,0.24,sell,1093207985745757,1756904594315
1756904594.7174108,209.65,4.76,sell,179749701037579,1756904594315
1756904594.7174108,209.65,4.76,sell,161759467399871,1756904594315
1756904594.7174108,209.65,0.24,sell,277700641855575,1756904594315
1756904594.7174108,209.65,10.64,sell,354579210283198,1756904594315
1756904594.7174108,209.65,4.77,sell,866470051619568,1756904594315
1756904594.7174108,209.65,1.4,sell,311821839469549,1756904594315
1756904594.849837,209.65,4.77,sell,1114258337886152,1756904594429
1756904595.131931,209.65,1000.0,sell,58617360181161,1756904594627
1756904595.2745,209.65,606.64,sell,1080761014582700,1756904594896
1756904595.4184,209.66,2.55,buy,945620540357714,1756904595040
1756904595.8183908,209.65,4.76,sell,593373942239921,1756904595320
1756904595.8183908,209.65,47.69,sell,508399350244401,1756904595320
1756904595.8183908,209.65,4.76,sell,656034473271415,1756904595376
1756904596.3310654,209.66,5.72,buy,1019917123167005,1756904595980
1756904596.3957176,209.65,1.43,sell,159861479149924,1756904596048
1756904598.5094788,209.66,19.84,buy,774096179654863,1756904597862
1756904598.6494095,209.66,0.27,buy,383244949961400,1756904598008
1756904599.4798408,209.65,6.47,sell,490854099310267,1756904598474
1756904599.4798408,209.65,344.36,sell,986828802585299,1756904598474
1756904599.4798408,209.65,0.87,sell,738659536883782,1756904598474
1756904599.4798408,209.65,0.87,sell,663268657757589,1756904598474
1756904599.4798408,209.65,5.88,sell,942982825117562,1756904598474
1756904599.4798408,209.65,4.77,sell,681348332519342,1756904598474
1756904599.4798408,209.65,344.8,sell,345397848135506,1756904598474
1756904599.4798408,209.65,6.34,sell,766825902929785,1756904598474
1756904599.4798408,209.65,2.16,sell,383455887456180,1756904598474
1756904599.4798408,209.65,26.88,sell,99682528220994,1756904598474
1756904599.4798408,209.65,9.86,sell,1014620532770759,1756904598474
1756904599.4798408,209.65,71.13,sell,166029676976324,1756904598474
1756904599.4798408,209.65,37.32,sell,538952669487522,1756904598474
1756904599.4798408,209.65,0.71,sell,1032684519728882,1756904598474
1756904599.4798408,209.65,1.06,sell,876895148433079,1756904598474
1756904599.4798408,209.65,25.99,sell,542411844961471,1756904598474
1756904599.4798408,209.65,64.1,sell,989226488125611,1756904598474
1756904599.4798408,209.65,1.06,sell,783616775716399,1756904598474
1756904599.4798408,209.65,3.5,sell,827804241693486,1756904598474
1756904599.4798408,209.65,58.03,sell,576700397884705,1756904598474
1756904599.4798408,209.65,55.94,sell,247622250618536,1756904598474
1756904599.4798408,209.65,1.74,sell,556166626809048,1756904598474
1756904599.4798408,209.65,49.62,sell,461000773362193,1756904598474
1756904599.4798408,209.65,46.08,sell,780406196066109,1756904598474
1756904599.4798408,209.65,16.84,sell,1031862036190660,1756904598474
1756904599.4798408,209.65,19.25,sell,664504438291450,1756904598474
1756904599.4798408,209.65,154.62,sell,511998970802690,1756904598474
1756904599.4798408,209.65,59.41,sell,682814270796301,1756904598474
1756904599.4798408,209.65,0.71,sell,722872743480922,1756904598474
1756904599.4798408,209.65,18.5,sell,736280986638868,1756904598474
1756904599.4798408,209.65,4.77,sell,55625648089935,1756904598474
1756904599.4798408,209.65,53.51,sell,961914259529990,1756904598474
1756904599.4798408,209.65,1.39,sell,969013769272389,1756904598474
1756904599.4798408,209.65,1.05,sell,117911349295261,1756904598474
1756904599.4798408,209.65,16.05,sell,89382381482762,1756904598474
1756904599.4798408,209.65,53.68,sell,596149080183143,1756904598474
1756904599.4798408,209.65,3.01,sell,785698845828984,1756904598474
1756904599.4798408,209.65,3.11,sell,1055394336221332,1756904598474
1756904599.4798408,209.65,70.32,sell,602651391018771,1756904598474
1756904599.4798408,209.65,4.77,sell,435710371530835,1756904598474
1756904599.4798408,209.65,17.49,sell,1114862458411375,1756904598474
1756904599.4798408,209.65,85.02,sell,54532359136151,1756904598474
1756904599.4798408,209.65,2.16,sell,739236191175584,1756904598474
1756904599.4798408,209.65,83.26,sell,289058519717830,1756904598474
1756904599.4798408,209.65,22.09,sell,739266228847906,1756904598474
1756904599.4798408,209.65,1.73,sell,500249143656864,1756904598474
1756904599.4798408,209.65,2.16,sell,357214528936862,1756904598474
1756904599.4798408,209.65,160.62,sell,122883555143735,1756904598474
1756904599.4798408,209.65,4.29,sell,261962281687595,1756904598474
1756904599.4798408,209.65,2.16,sell,254864548985186,1756904598474
1756904599.4798408,209.65,2.74,sell,1072872592539324,1756904598474
1756904599.4798408,209.65,1.73,sell,127291303532970,1756904598474
1756904599.4798408,209.65,2.41,sell,272212444737372,1756904598474
1756904599.4798408,209.65,219.53,sell,929225500062276,1756904598474
1756904599.4798408,209.65,4.09,sell,1094364633937333,1756904598474
1756904599.4798408,209.65,2.59,sell,1055216324114548,1756904598474
1756904599.4798408,209.65,21.94,sell,570021272686424,1756904598474
1756904599.4798408,209.65,1.3,sell,372113754236844,1756904598474
1756904599.4798408,209.65,22.14,sell,1051624808146263,1756904598474
1756904599.4798408,209.65,3.01,sell,250033797244489,1756904598474
1756904599.4798408,209.65,5.99,sell,49316344496380,1756904598474
1756904599.4798408,209.65,5.77,sell,1109208675081744,1756904598474
1756904599.4798408,209.65,4.76,sell,21162002259884,1756904598474
1756904599.4798408,209.65,8.54,sell,152553485270872,1756904598474
1756904599.4798408,209.65,4.77,sell,208732931793802,1756904598474
1756904599.4798408,209.65,17.99,sell,719506778737861,1756904598474
1756904599.4798408,209.65,2.15,sell,1030353672357449,1756904598474
1756904599.4798408,209.65,5.16,sell,510898847810287,1756904598474
1756904599.4798408,209.65,2.16,sell,262579236934533,1756904598474
1756904599.4798408,209.65,489.61,sell,401071696746606,1756904598474
1756904599.4798408,209.65,619.27,sell,137944694463831,1756904598474
1756904599.4798408,209.65,2.16,sell,34854182201170,1756904598474
1756904599.4798408,209.65,0.24,sell,405758471636473,1756904598474
1756904599.4798408,209.65,11.79,sell,66723801964105,1756904598474
1756904599.4798408,209.65,0.24,sell,701770588189572,1756904598474
1756904599.4798408,209.65,0.24,sell,641858188468099,1756904598474
1756904599.4798408,209.65,1.3,sell,537660441705109,1756904598474
1756904599.4798408,209.65,2.58,sell,238420892213109,1756904598474
1756904599.4798408,209.65,76.18,sell,3130587499265,1756904598474
1756904599.4798408,209.65,0.87,sell,1098891810013512,1756904598474
1756904599.4798408,209.65,0.24,sell,624041624346607,1756904598474
1756904599.4798408,209.65,21.02,sell,1108113235732868,1756904598474
1756904599.4798408,209.65,1.3,sell,1094074090222017,1756904598474
1756904599.4821317,209.65,21.75,sell,408602945070179,1756904598568
1756904599.4821317,209.65,1.73,sell,588285687751871,1756904598568
1756904599.4821317,209.65,3.86,sell,433598366423190,1756904598568
1756904599.4821317,209.65,9.54,sell,274692824368202,1756904598568
1756904599.4821317,209.65,2.16,sell,581631263594961,1756904598568
1756904599.4821317,209.65,594.97,sell,901665422651339,1756904598568
1756904599.4821317,209.65,153.62,sell,629293217948897,1756904598568
1756904599.4821317,209.65,4.77,sell,487826029234466,1756904598568
1756904599.4821317,209.65,9.54,sell,384866478062452,1756904598568
1756904599.4821317,209.65,4.01,sell,1092881544960832,1756904598568
1756904599.4821317,209.65,21.96,sell,35465301008547,1756904598568
1756904599.4821317,209.65,22.11,sell,597456003484624,1756904598568
1756904599.4821317,209.65,4.38,sell,736963722549571,1756904598568
1756904599.4821317,209.65,23.68,sell,110962364803929,1756904598568
1756904599.4821317,209.65,1.38,sell,335498437523100,1756904598568
1756904599.4821317,209.65,2.59,sell,270146030315539,1756904598568
1756904599.4821317,209.65,4.72,sell,270211557501918,1756904598568
1756904599.4821317,209.65,1.33,sell,413934329164353,1756904598568
1756904599.4821317,209.65,0.87,sell,536510009570684,1756904598568
1756904599.4821317,209.65,0.14,sell,399421454172875,1756904598568
1756904599.4821317,209.65,1.3,sell,956520776270565,1756904598568
1756904599.4821317,209.65,2.17,sell,662384772112497,1756904598568
1756904599.4821317,209.65,0.92,sell,670073769898137,1756904598568
1756904599.4821317,209.65,9.12,sell,1032331213012240,1756904598568
1756904599.4821317,209.65,19.88,sell,531452619289453,1756904598568
1756904599.4821317,209.65,17.23,sell,508329081132574,1756904598568
1756904599.4821317,209.65,16.65,sell,463351529736458,1756904598568
1756904599.4821317,209.65,1.3,sell,61583079091042,1756904598568
1756904599.4821317,209.65,631.18,sell,640628339641022,1756904598568
1756904599.4821317,209.65,6.89,sell,389303939051297,1756904598568
1756904599.4821317,209.65,38.15,sell,317796167658443,1756904598568
1756904599.4821317,209.65,21.49,sell,345017531529875,1756904598568
1756904599.4841542,209.65,5.13,sell,247736351522819,1756904598626
1756904599.4841542,209.65,4.3,sell,540746934449571,1756904598626
1756904599.4841542,209.65,4.77,sell,1072630225477438,1756904598626
1756904599.4841542,209.65,6.41,sell,215882081009752,1756904598626
1756904599.4841542,209.65,2.36,sell,572171252049230,1756904598626
1756904599.4841542,209.65,17.8,sell,764803064452444,1756904598626
1756904599.4841542,209.65,0.67,sell,562542075374916,1756904598626
1756904599.4841542,209.65,0.72,sell,506052841772487,1756904598626
1756904599.4841542,209.65,3.44,sell,581164305934171,1756904598626
1756904599.4841542,209.65,6.41,sell,738766580446657,1756904598626
1756904599.4841542,209.65,5.15,sell,46270447760380,1756904598626
1756904599.4841542,209.65,0.23,sell,431813706567312,1756904598685
1756904599.4841542,209.65,6.45,sell,959490729166493,1756904598685
1756904599.4841542,209.65,18.27,sell,1063052363959034,1756904598685
1756904599.4841542,209.65,23.5,sell,574508657653148,1756904598685
1756904599.4841542,209.65,479.02,sell,1029618996636343,1756904598685
1756904599.4841542,209.65,4.33,sell,895193505921763,1756904598685
1756904599.4846656,209.65,16.35,sell,198666145567839,1756904598845
1756904599.4846656,209.65,4.78,sell,89884485742691,1756904598845
1756904599.4846656,209.65,4.54,sell,379143054821063,1756904598845
1756904599.4846656,209.65,23.68,sell,686862162718881,1756904598845
1756904599.4846656,209.65,23.68,sell,29695392913983,1756904598845
1756904599.4846656,209.65,6.39,sell,512068489510998,1756904598899
1756904599.4846656,209.65,665.88,sell,695690939196322,1756904598899
1756904599.4846656,209.65,21.4,sell,878793739205057,1756904598961
1756904599.5140183,209.65,13.79,sell,110117334143514,1756904599048
1756904599.5140183,209.65,9.54,sell,694326874317697,1756904599048
1756904599.5140183,209.65,1.4,sell,308034618303866,1756904599048
1756904599.6687589,209.65,388.87,sell,378162205098263,1756904599248
1756904599.6687589,209.65,0.18,sell,656147716594386,1756904599248
1756904600.2156038,209.59,7.11,sell,1035480235310003,1756904599796
1756904600.2641704,209.59,9.54,sell,589721960424975,1756904599864
1756904600.3273437,209.59,19.85,sell,165764622035446,1756904599967
1756904600.4655993,209.59,9.54,sell,616894338426844,1756904600065
1756904600.6650734,209.59,9.54,sell,610196522711050,1756904600222
1756904601.9117284,209.6,27.0,buy,370743267775603,1756904601382
1756904601.9117284,209.6,47.69,buy,614828739668473,1756904601382
1756904601.9117284,209.6,4.8,buy,655052512521683,1756904601382
1756904601.9117284,209.6,4.78,buy,680441083141443,1756904601382
1756904601.9117284,209.6,4.78,buy,463891235092885,1756904601382
1756904601.9117284,209.6,4.8,buy,130719474239508,1756904601382
1756904602.7832644,209.62,1.46,buy,949107669102932,1756904602272
1756904602.7832644,209.62,4.77,buy,392981838432818,1756904602272
1756904603.1224322,209.63,1.29,buy,941047018830654,1756904602605
1756904603.5910208,209.62,0.1,sell,710980235778990,1756904603086
1756904604.273436,209.64,27.0,buy,807061528749175,1756904603838
1756904604.8271477,209.64,0.16,sell,661200406396219,1756904604138
1756904605.2456174,209.66,2.38,buy,676165573050003,1756904604816
1756904605.2456174,209.67,9.53,buy,41279937417491,1756904604816
1756904605.342035,209.68,1.46,buy,113017253496998,1756904604933
1756904605.342035,209.69,7.55,buy,791745051815329,1756904604933
1756904605.342035,209.69,0.24,buy,1026173511765486,1756904604933
1756904605.342035,209.69,5.27,buy,88138405606277,1756904604933
1756904605.342035,209.7,4.77,buy,1097033110208178,1756904604933
1756904605.342035,209.7,27.0,buy,181192309359088,1756904604933
1756904606.635767,209.72,0.01,buy,288195055942717,1756904606094
1756904606.635767,209.72,7.54,buy,734874614557269,1756904606094
1756904606.635767,209.72,13.0,buy,761031318094854,1756904606094
1756904607.8250868,209.74,4.56,buy,252970082482794,1756904606881
1756904607.8250868,209.74,4.89,buy,580814651066306,1756904606881
1756904607.8250868,209.75,3.49,buy,102190509248045,1756904607041
1756904607.8250868,209.74,0.24,sell,98087218949720,1756904607041
1756904608.1135266,209.75,4.06,buy,151083058462585,1756904607548
1756904608.1135266,209.75,4.13,buy,1063749355832394,1756904607548
1756904608.1763062,209.75,0.13,buy,1116985420720515,1756904607685
1756904608.1763062,209.76,4.77,buy,277647713147604,1756904607685
1756904608.1763062,209.76,4.77,buy,1118767204644983,1756904607685
1756904608.7566621,209.77,0.1,buy,110632811970636,1756904608249
1756904608.8845043,209.78,23.85,sell,863333387517156,1756904608496
1756904609.5983713,209.78,0.24,sell,910846394583266,1756904609060
1756904609.959606,209.78,0.06,sell,1109907025860664,1756904609581
1756904610.9706333,209.78,0.24,sell,896208167854025,1756904610372
1756904613.0851362,209.79,0.83,buy,125671663017934,1756904612710
1756904614.1978805,209.79,7.53,buy,847256661997114,1756904613763
1756904614.1978805,209.79,0.23,buy,178457594163232,1756904613763
1756904614.1978805,209.79,0.01,buy,231635545630099,1756904613763
1756904614.537458,209.8,0.05,buy,842941595274410,1756904614061
1756904614.537458,209.79,0.11,sell,987178605800501,1756904614061
1756904616.0787983,209.8,0.05,buy,791697755687292,1756904615751
1756904616.0787983,209.81,0.46,buy,506112745001826,1756904615751
1756904617.7752862,209.81,4.34,buy,786140909954457,1756904617088
1756904617.7752862,209.81,4.8,buy,704769803129221,1756904617088
1756904617.7752862,209.81,4.8,buy,905913714576802,1756904617088
1756904617.7752862,209.81,1.42,buy,750065428639800,1756904617088
1756904617.7752862,209.81,9.53,buy,136769499331447,1756904617088
1756904617.7752862,209.81,0.24,buy,102441553272420,1756904617088
1756904617.7752862,209.81,3.96,buy,44640154069536,1756904617088
1756904617.7752862,209.81,0.26,buy,914997717216072,1756904617088
1756904618.28264,209.81,2.09,buy,261022830108816,1756904618032
1756904618.4573646,209.81,3.86,buy,607710726490102,1756904618112
1756904619.2469192,209.8,3.38,sell,667899690433802,1756904618914
1756904619.5246112,209.81,0.92,buy,243036553210752,1756904619024
1756904623.0643182,209.81,0.96,buy,97518469420839,1756904622047
1756904625.5420575,209.82,2.55,buy,787081294284892,1756904625071
1756904625.5420575,209.81,2.62,sell,805670736885373,1756904625071
1756904628.216533,209.82,4.98,buy,996295204100284,1756904627705
1756904628.216533,209.82,1.42,buy,996650243221176,1756904627705
1756904628.216533,209.82,9.53,buy,144138955385983,1756904627705
1756904628.216533,209.82,14.3,buy,254748801159279,1756904627705
1756904628.216533,209.82,24.2,buy,239203791688356,1756904627705
1756904628.216533,209.82,27.0,buy,1063448219380355,1756904627705
1756904628.216533,209.82,9.5,buy,898858399341523,1756904627705
1756904628.216533,209.82,9.5,buy,536633496724236,1756904627705
1756904628.216533,209.82,9.17,buy,357775389675125,1756904627705
1756904628.216533,209.82,16.12,buy,739217893326351,1756904627705
1756904628.216533,209.82,14.04,buy,188107699678977,1756904627705
1756904628.216533,209.82,46.33,buy,663716713223365,1756904627705
1756904628.216533,209.82,13.99,buy,264104664330700,1756904627705
1756904628.6408553,209.82,0.27,buy,561365276268759,1756904628113
1756904629.3249664,209.81,1.38,sell,66023029808085,1756904628919
1756904629.3249664,209.81,71.46,sell,372976391387097,1756904628919
1756904629.3249664,209.81,23.81,sell,495026098222677,1756904628919
1756904629.3249664,209.81,103.62,sell,133233404252296,1756904628919
1756904629.952262,209.82,0.24,buy,601961978940705,1756904629532
1756904630.499242,209.85,0.07,buy,281540696632274,1756904629924
1756904630.499242,209.85,0.07,buy,109345423719429,1756904629924
1756904630.499242,209.85,0.07,buy,422785489979875,1756904629924
1756904630.499242,209.85,7.53,buy,929434688419992,1756904629924
1756904630.499242,209.85,0.24,buy,194842033263107,1756904629924
1756904630.499242,209.88,0.24,buy,1098402830848823,1756904629924
1756904630.5343213,209.88,0.24,buy,301612808326594,1756904629925
1756904630.5343213,209.88,0.24,buy,1069838058146825,1756904629925
1756904630.5343213,209.88,0.24,buy,420136423205578,1756904629925
1756904630.5343213,209.88,6.57,buy,119870177237617,1756904629925
1756904630.5343213,209.89,4.77,buy,408915851586991,1756904629925
1756904630.5343213,209.9,0.1,buy,214457933925376,1756904629925
1756904630.777014,209.91,7.53,buy,861345435441528,1756904630254
1756904630.777014,209.91,0.24,buy,1068617603041733,1756904630254
1756904630.777014,209.91,1.42,buy,950515900089537,1756904630254
1756904631.0068393,209.92,2.38,buy,772710171208552,1756904630442
1756904631.3199508,209.92,4.8,buy,114082120712137,1756904630720
1756904631.8304064,209.93,4.8,buy,480656546474353,1756904631324
1756904632.192096,209.93,0.24,sell,434602072104542,1756904631540
1756904632.3524823,209.94,7.53,buy,1087402770075304,1756904631769
1756904632.3524823,209.94,0.24,buy,172024927789908,1756904631769
1756904632.8353662,209.95,0.24,buy,379737328446597,1756904632250
1756904632.8353662,209.95,9.76,buy,961118556072462,1756904632250
1756904632.8353662,209.95,15.7,buy,1066692366616904,1756904632250
1756904632.8353662,209.95,9.52,buy,174649207501251,1756904632250
1756904632.8353662,209.96,0.1,buy,1063206825568727,1756904632250
1756904634.4474761,209.96,0.17,sell,631253908452177,1756904634040
1756904634.5323136,209.96,10.33,sell,143317135365710,1756904634101
1756904634.5323136,209.96,13.49,sell,50611991808940,1756904634101
1756904634.5323136,209.97,15.52,buy,914841810336771,1756904634101
1756904634.5323136,209.97,1.42,buy,116209034978738,1756904634101
1756904634.5323136,209.98,0.9,buy,493437158027620,1756904634101
1756904634.5323136,209.98,7.53,buy,202532081116237,1756904634101
1756904634.5323136,209.98,0.24,buy,213382725693652,1756904634101
1756904634.5323136,209.98,27.0,buy,222938702304843,1756904634101
1756904634.5323136,210.0,0.23,buy,663038949941928,1756904634101
1756904634.5323136,210.0,66.25,buy,1084803586328247,1756904634101
1756904635.3557491,210.0,125.7,buy,848172625034056,1756904634797
1756904635.3557491,210.0,0.14,buy,750782078995546,1756904634797
1756904635.3557491,210.01,7.53,buy,571727415076261,1756904634797
1756904635.3557491,210.01,0.24,buy,448203664854489,1756904634797
1756904635.4797523,210.04,7.53,buy,462334485255829,1756904634870
1756904635.4797523,210.04,0.24,buy,852762950774443,1756904634870
1756904635.4797523,210.04,4.76,buy,1067682203736304,1756904634870
1756904635.9338732,210.05,15.43,buy,404472918265188,1756904635302
1756904635.9338732,210.06,0.08,buy,285067331429985,1756904635302
1756904635.9338732,210.06,0.08,buy,819964936948386,1756904635302
1756904635.9338732,210.06,0.08,buy,658169802826555,1756904635302
1756904636.8586059,210.06,2.62,sell,757106342795177,1756904636424
1756904636.859156,210.07,7.53,buy,324071295722364,1756904636429
1756904636.859156,210.07,0.24,buy,183679534131191,1756904636429
1756904636.859156,210.07,15.3,buy,699723044114887,1756904636429
1756904636.859156,210.09,4.76,buy,447976405457239,1756904636429
1756904636.859156,210.09,4.59,buy,804893283488358,1756904636429
1756904636.859156,210.09,3.8,buy,772542679790258,1756904636429
1756904636.859156,210.09,4.43,buy,813691590068942,1756904636429
1756904636.859156,210.09,19.57,buy,463652144103752,1756904636429
1756904636.859156,210.09,27.0,buy,733110130754558,1756904636429
1756904636.859156,210.1,4.76,buy,704027059058810,1756904636429
1756904636.859156,210.1,6.98,buy,786817422903075,1756904636429
1756904636.859156,210.1,20.13,buy,52113105013090,1756904636429
1756904637.379162,210.1,4.28,buy,252888006217353,1756904636931
1756904638.1983297,210.1,4.11,buy,235623265047933,1756904637040
1756904638.455553,210.1,9.51,buy,687359373093972,1756904637800
1756904638.455553,210.1,2.61,buy,862999216586058,1756904637800
1756904638.455553,210.1,25.31,buy,655298457476901,1756904637800
1756904638.455553,210.1,1.42,buy,402973440433115,1756904637800
1756904638.455553,210.11,4.76,buy,1073347341498523,1756904637800
1756904638.455553,210.11,4.76,buy,876815092047376,1756904637800
1756904638.455553,210.11,4.76,buy,673987131406389,1756904637800
1756904638.455553,210.11,79.6,buy,991416764147083,1756904637800
1756904639.3140478,210.12,0.24,buy,322374391086342,1756904638908
1756904639.3140478,210.12,0.24,buy,746893706507288,1756904638908
1756904639.3140478,210.12,0.24,buy,637726128640791,1756904638908
1756904639.3140478,210.12,0.24,buy,726292638973220,1756904638908
1756904639.3140478,210.12,0.24,buy,1029318627899773,1756904638908
1756904639.3140478,210.12,0.24,buy,475632850847481,1756904638908
1756904639.522207,210.13,0.13,buy,391334386043511,1756904639103
1756904639.522207,210.13,0.11,buy,762521364530604,1756904639103
1756904639.6981773,210.13,4.65,buy,963270357874,1756904639318
1756904639.6981773,210.13,4.76,buy,900355193707867,1756904639318
1756904639.6981773,210.13,4.76,buy,687792369397477,1756904639318
1756904639.6981773,210.13,4.76,buy,912246955830024,1756904639318
1756904639.6981773,210.13,4.76,buy,773857188084455,1756904639318
1756904639.6981773,210.13,4.76,buy,539017840894708,1756904639318
1756904639.6981773,210.13,4.76,buy,598073789449437,1756904639318
1756904639.6981773,210.13,4.76,buy,64296115368243,1756904639318
1756904639.6981773,210.14,4.76,buy,368755514376635,1756904639318
1756904639.6981773,210.14,5.02,buy,776382971102307,1756904639318
1756904639.6981773,210.14,21.29,buy,709177146814846,1756904639318
1756904639.729553,210.13,0.09,buy,878891746712720,1756904639368
1756904640.2914407,210.13,0.21,buy,508492583950824,1756904639816
1756904640.2914407,210.13,3.66,buy,1086137634658805,1756904639816
1756904640.2914407,210.12,0.08,sell,676542253501644,1756904639816
1756904640.7631233,210.12,23.81,sell,22327931347545,1756904640378
1756904641.8713527,210.13,15.35,buy,1033336583796613,1756904641311
1756904641.9414864,210.15,37.17,buy,190693834118873,1756904641459
1756904641.9414864,210.17,0.01,buy,971449995607015,1756904641459
1756904641.9414864,210.17,0.09,buy,669053498831085,1756904641459
1756904641.9414864,210.17,5.02,buy,929654040150052,1756904641459
1756904641.9414864,210.19,0.1,buy,514869963196651,1756904641459
1756904641.9414864,210.19,1.42,buy,317354678651606,1756904641459
1756904641.9414864,210.2,0.1,buy,68766920674721,1756904641459
1756904641.9414864,210.2,5.02,buy,257138228634482,1756904641459
1756904642.1421535,210.21,12.0,buy,713238203491425,1756904641778
1756904642.3635814,210.22,250.0,buy,614439885173485,1756904641880
1756904642.3635814,210.23,5.02,buy,398985345247158,1756904641880
1756904642.3635814,210.23,4.76,buy,567250070768044,1756904641880
1756904642.6029656,210.24,0.18,sell,352791170323104,1756904642078
1756904643.4527209,210.25,15.73,buy,410512728828156,1756904643016
1756904643.6972861,210.24,4.78,sell,967158715111461,1756904643315
1756904643.8723788,210.25,32.17,buy,851734820933090,1756904643521
1756904644.346823,210.26,0.07,buy,134631718712464,1756904643902
1756904644.346823,210.26,5.02,buy,789380375273920,1756904643902
1756904644.4229264,210.27,0.05,buy,672879640871700,1756904644004
1756904644.4229264,210.25,0.1,sell,256109350820000,1756904644004
1756904644.6362677,210.27,0.03,buy,660638156787640,1756904644200
1756904644.6362677,210.27,0.08,buy,223510087563115,1756904644200
1756904644.6362677,210.27,0.08,buy,1066131040505881,1756904644200
1756904644.6362677,210.27,0.13,buy,900407882681038,1756904644200
1756904644.8202262,210.28,1.42,buy,532963532330250,1756904644487
1756904644.8202262,210.28,9.5,buy,976968464949844,1756904644487
1756904645.3688495,210.28,0.31,sell,887649609758125,1756904644995
1756904645.5891242,210.28,0.19,sell,600963945586010,1756904645141
1756904646.1566195,210.29,5.02,buy,301555305871380,1756904645774
1756904646.1566195,210.29,0.16,buy,1124002180240766,1756904645774
1756904646.32271,210.3,4.76,buy,497368934093492,1756904645975
1756904646.32271,210.31,0.1,buy,1114888917745849,1756904645975
1756904646.32271,210.33,5.02,buy,557114789561563,1756904645975
1756904646.32271,210.33,4.76,buy,27172070846745,1756904645975
1756904646.32271,210.33,0.94,buy,721727327673517,1756904645975
1756904647.1029918,210.32,0.19,sell,760515831032642,1756904646545
1756904647.1764963,210.33,1.08,buy,775716177102634,1756904646688
1756904647.5905023,210.33,29.08,buy,511134860695724,1756904647034
1756904647.5905023,210.33,0.26,buy,996774568954438,1756904647034
1756904647.5905023,210.33,3.19,buy,5879715829809,1756904647034
1756904647.5905023,210.33,1.43,buy,917387375803726,1756904647034
1756904647.5905023,210.33,9.42,buy,371727020387089,1756904647034
1756904647.5905023,210.33,9.42,buy,543878566501744,1756904647034
1756904647.5905023,210.33,9.42,buy,919417490325969,1756904647034
1756904647.5905023,210.33,4.93,buy,856778276904731,1756904647034
1756904647.5905023,210.33,9.5,buy,517690475902314,1756904647034
1756904647.5905023,210.33,46.06,buy,785789259583096,1756904647034
1756904647.5905023,210.33,2.71,buy,691998648465634,1756904647034
1756904647.5905023,210.33,41.75,buy,490326535545183,1756904647034
1756904648.272872,210.32,0.16,sell,120898674618096,1756904647356
1756904648.272872,210.33,0.5,buy,834513239587474,1756904647513
1756904648.272872,210.33,4.5,buy,1059480843377475,1756904647513
1756904648.4975574,210.33,22.5,buy,262929110284788,1756904647926
1756904648.4975574,210.33,1.42,buy,461173392974294,1756904647926
1756904648.8818998,210.35,2.08,buy,673765682329845,1756904648151
1756904649.0089145,210.36,5.02,buy,607089599291231,1756904648342
1756904649.0089145,210.36,0.16,buy,599809935791213,1756904648342
1756904649.0089145,210.37,1.38,buy,682237705577305,1756904648342
1756904649.0089145,210.39,5.02,buy,287582412113348,1756904648342
1756904649.0089145,210.4,0.13,buy,297589426365623,1756904648342
1756904649.0089145,210.4,0.2,buy,822503489684294,1756904648342
1756904649.0089145,210.4,0.99,buy,780211879110116,1756904648342
1756904649.0089145,210.42,5.02,buy,594116477260252,1756904648342
1756904649.0089145,210.42,0.4,buy,252614647499703,1756904648342
1756904649.0089145,210.42,0.16,buy,812205856838933,1756904648342
1756904649.0089145,210.42,0.06,buy,304529009947144,1756904648342
1756904649.0089145,210.42,27.0,buy,620247006663334,1756904648342
1756904649.2107828,210.43,0.96,buy,279593964505593,1756904648659
1756904649.4082205,210.42,0.16,sell,62863751324090,1756904648774
1756904649.550507,210.43,3.16,buy,640463389541395,1756904648993
1756904649.550507,210.43,5.0,buy,966757962836237,1756904648993
1756904649.550507,210.43,9.42,buy,106632959015841,1756904648993
1756904649.550507,210.43,9.42,buy,180179581424483,1756904648993
1756904649.550507,210.43,9.42,buy,903177458791569,1756904648993
1756904649.550507,210.43,20.04,buy,347032154810731,1756904648993
1756904649.550507,210.44,27.0,buy,811777357782205,1756904648993
1756904649.550507,210.44,237.6,buy,934673278393430,1756904648993
1756904649.550507,210.45,0.1,buy,12972328959033,1756904648993
1756904649.550507,210.45,4.75,buy,769396166537581,1756904648993
1756904649.550507,210.45,4.02,buy,982223207831837,1756904648993
1756904649.550507,210.45,4.48,buy,708803748940506,1756904648993
1756904649.550507,210.45,366.38,buy,971845388200472,1756904648993
1756904649.9343603,210.45,0.92,buy,864503157671650,1756904649174
1756904649.9343603,210.45,111.72,buy,275091465272618,1756904649174
1756904649.9343603,210.45,20.07,buy,603671281350741,1756904649174
1756904650.9904616,210.42,0.16,sell,181095863382428,1756904650424
1756904651.519736,210.41,0.06,buy,376029451298901,1756904651100
1756904651.8793185,210.4,7.05,sell,940247488909668,1756904651402
1756904652.5150557,210.39,0.16,buy,816247593341013,1756904652029
1756904652.5150557,210.39,0.16,buy,622897772910799,1756904652029
1756904652.5150557,210.39,0.16,buy,1072106647704939,1756904652029
1756904652.5150557,210.39,0.16,buy,620268996389291,1756904652029
1756904652.5150557,210.39,0.16,buy,643084266698063,1756904652029
1756904652.5150557,210.39,0.16,buy,1036029028183730,1756904652029
1756904652.5150557,210.39,0.16,buy,1087486424529318,1756904652029
1756904653.5671475,210.41,4.55,buy,484282636366291,1756904652687
1756904653.5671475,210.41,0.99,buy,688178107924196,1756904652687
1756904653.5671475,210.41,15.39,buy,118519510703419,1756904652687
1756904653.5671475,210.41,100.95,buy,720983199720730,1756904652687
1756904653.567679,210.41,1.4,sell,421423829517100,1756904652836
1756904654.515884,210.42,23.97,sell,536130808552820,1756904654033
